2754 4914
327 267 329 272 ,
347 192 537 263 BELLUM
568 192 930 289 JUGURTHINUM.
1088 198 1091 203 ’
1188 216 1232 292 79

91 359 105 392 ⁸
121 342 271 421 novilfimi
286 359 461 432 habuerant,
477 354 601 439 populus
616 354 706 416 Rom.
721 377 772 436 per
786 355 976 440 magistratus
991 353 1232 424 administrabat:
1246 354 1249 362 ’

92 436 288 505 Gaetulorum
305 464 413 526 magna
434 462 517 523 pars,t
530 456 560 502 et
576 439 721 502 Numidae
737 443 771 502 ad
788 442 898 503 flumen
914 443 1002 524 usque
1017 443 1032 480 b
1048 441 1234 511 Mulucham·

91 527 143 588 sub
158 525 312 611 Jugurthai
322 544 421 589 erant:
447 526 562 588 Mauris
572 528 714 588 omnibus
726 548 776 587 rex
789 526 927 589 Bocchus
941 528 1137 609 imperitabat,
1150 552 1231 609 prae-

92 624 138 672 ter
154 633 277 688 nomen,
291 625 416 675 ccaetera
428 612 546 696 ignarus
563 611 662 693 populi
682 612 772 673 Rom.
789 615 919 692 itemque
931 615 1014 675 nobis
1028 635 1122 695 neque
1139 616 1230 693 hello,

92 716 194 776 neque
208 720 279 778 paee
294 697 375 761 antea
386 701 547 780 cognitus:
564 698 600 758 de
616 693 733 775 Africa,
749 713 779 759 et
791 699 854 781 ejus
866 698 983 774 incolis,
995 700 1030 760 ad
1043 702 1230 765 neceffitudiu

93 785 224 844 nemrel
244 783 445 848 satisdiolum.
505 830 507 835 .
1029 834 1067 842 ,Α

20 873 23 878 ’
136 863 304 948 Postquam,
329 870 438 931 diviso
450 889 556 952 regno,
585 867 673 951 legati
703 868 807 930 Africa
833 863 987 944 decenne,
1017 881 1047 930 et
1071 869 1232 955 Jugurtha‚

92 963 195 1014 contra
215 956 350 1017 timorem
373 955 478 1030 animi,
501 957 512 991 ‘¹
538 955 657 1034 praemia
681 954 794 1014 sceleris
818 957 955 1033 adeptum
982 954 1037 1016 sese
1054 959 1142 1033 videt,
1164 980 1230 1022 cer·

39 1110 41 1114 ,
92 1047 154 1097 tum
183 1053 274 1116 ratus,
290 1040 371 1122 quod
387 1034 424 1099 ex
439 1040 541 1100 amicis
556 1039 631 1117 apud
648 1036 849 1100 Numantium
866 1055 1029 1119 acceperat,
1044 1045 1146 1102 omnia
1161 1044 1231 1107 Ro-

90 1142 148 1182 rnae
163 1126 277 1186 venalia
294 1126 362 1201 elle,
382 1124 467 1186 simul
483 1139 513 1185 et
531 1124 649 1185 illorum
665 1135 676 1160 ⁸
696 1124 959 1204 pollicitationibus
979 1129 1132 1202 accensus,
1153 1151 1230 1211 quos

89 1207 261 1284 pauloante
277 1209 450 1274 muneribus
466 1209 647 1288 expleverat,
662 1208 691 1269 in
707 1230 832 1292 regnum
845 1210 1014 1273 Atherbalis
1030 1200 1167 1274 animum
1178 1215 1230 1276 in-

88 1295 193 1356 tendit.
237 1294 301 1377 lpse
313 1317 391 1370 acer,
407 1293 581 1370 bellicosus;
597 1312 627 1355 at
643 1296 679 1369 is,
692 1316 782 1374 quem
794 1297 924 1374 petebat,
939 1298 1071 1377 quietus,
1087 1300 1230 1378 imbellis,

88 1377 224 1457 placidus
236 1382 372 1464 ingenio,
389 1379 593 1460 fopportunus
609 1380 736 1463 injuriae,
753 1395 888 1442 metuens
900 1381 1005 1465 magiS,
1021 1382 1111 1465 quam
1129 1401 1231 1448 metu-

88 1466 196 1526 endus.
220 1465 317 1550 Igitur
327 1488 364 1528 ex
378 1467 536 1546 improviso
548 1463 616 1526 finis
626 1469 689 1548 ejus
701 1486 769 1526 cum
783 1467 891 1549 magnai
904 1487 994 1528 manu
1005 1470 1134 1530 invadit:
1149 1472 1230 1534 mul·
1246 1518 1255 1531 .

90 1563 138 1613 tos
155 1554 294 1614 mortales
309 1574 378 1613 cum
394 1572 511 1633 pecore,
528 1567 616 1633 atque
632 1552 689 1612 aliti
705 1550 801 1630 praedai
817 1553 898 1631 capit
912 1579 920 1626 ;
938 1551 1061 1615 aedificia
1078 1558 1228 1620 incendit:

90 1635 231 1719 pleraque
250 1637 390 1700 hostiliter
409 1637 475 1698 loca
496 1659 564 1697 cum
589 1639 722 1717 equitatu
745 1636 868 1698 accedit.
912 1634 1032 1698 Deinde
1054 1646 1230 1707 cumomni

27 1770 32 1781 .
69 1796 72 1803 ἱ
88 1716 327 1785 multitudinem
341 1744 466 1807 regnum
481 1721 565 1784 suurn
581 1722 739 1796 convertit,
757 1721 925 1783 existimaus
940 1723 1042 1784 dolore
1058 1744 1230 1805 permotum

87 1806 282 1869 Atherbalem
296 1810 419 1894 injurias
432 1809 496 1889 suas
509 1830 598 1869 manu
608 1810 840 1882 vindicaturum,
856 1828 981 1889 eamque
992 1831 1051 1871 rem
1065 1811 1132 1872 belli
1143 1814 1232 1875 caus·
1252 1827 1256 1839 '

89 1891 149 1953 lam
175 1893 247 1955 fore.
294 1898 339 1957 At
360 1894 519 1980 illekquod
544 1914 642 1973 neque
656 1894 691 1954 ‘se
712 1900 838 1974 gparem
862 1895 952 1954 armis
973 1893 1173 1973 existimabat,
1198 1912 1231 1961 et

87 1977 221 2040 amicitiai
236 1980 337 2062 populi
353 1978 445 2040 Rom.
460 1977 568 2062 magis,
582 1976 671 2059 quam
689 1977 846 2053 Numidis,
894 1996 958 2040 etus
972 1997 1047 2056 erat,
1063 1983 1176 2066 legatos
1192 1986 1230 2046 ad

88 2058 271 2144 Jugurtham
286 2065 321 2125 de
333 2065 447 2149 injuriis
463 2063 598 2143 questum
615 2061 703 2138 misit,
721 2067 773 2145 qui
793 2079 853 2125 tam
873 2063 906 2125 tlt
922 2068 1134 2130 contumeliosa
1148 2069 1229 2131 dieta

88 2144 262 2227 retulerant,
284 2150 363 2231 priris
378 2166 477 2210 tamen
492 2149 594 2210 omnia
609 2151 669 2228 pati
691 2151 832 2223 decrevit,
853 2148 945 2232 quam
966 2150 1080 2214 bellum.
1093 2155 1227 2217 sumere:

87 2233 160 2313 quia
175 2249 321 2297 tentatum
337 2234 424 2298 antei
435 2233 518 2295 secus
531 2231 666 2295 cellerato
703 2234 813 2316 Neque
827 2236 865 2297 eb
879 2233 976 2318 magis
987 2239 1098 2317 cupido
1109 2237 1229 2324 Jugur-

85 2317 150 2392 ,thae
165 2320 365 2397 minuebatur,
387 2320 497 2402 quippe
512 2320 563 2400 qui
580 2334 676 2383 totum
696 2321 759 2403 ejus
777 2342 902 2406 regnum
917 2323 1018 2384 animo
1028 2322 1092 2407 jam
1114 2325 1231 2386 invase·

85 2417 141 2464 rat.
187 2403 293 2488 Itaque
307 2428 380 2480 non,
395 2419 427 2466 ut
437 2405 538 2480 antea,
554 2427 625 2466 cum
641 2404 652 2441 l
670 2407 846 2486 praedatoria
860 2429 962 2482 manu,
979 2408 1036 2481 sed,
1051 2432 1160 2494 magno
1173 2431 1230 2481 ex-

86 2492 182 2552 ercitu
204 2508 387 2571 comparato,
407 2490 517 2552 bellum
535 2511 635 2575 gerere
655 2492 771 2570 coepit;
794 2506 824 2553 et
839 2494 938 2570 aperte
960 2495 1051 2555 totius
1068 2494 1231 2558 Numidiae

86 2573 246 2656 imperium
268 2591 376 2658 petere.
419 2573 588 2647 Caeterum,
609 2573 667 2655 qua
686 2579 835 2658 pergebat,
854 2574 862 2611 l
880 2578 970 2651 urbia,
993 2599 1080 2660 agros
1102 2579 1226 2656 vastare,
1304 2592 1307 2615 ¹

86 2661 201 2739 praedas
216 2681 315 2743 agere,
329 2663 386 2724 suis
402 2661 549 2734 animum,
569 2659 700 2721 hostibus
715 2678 855 2720 terrorem
871 2669 990 2743 augere.
1016 2664 1159 2724 Atherbal
1178 2665 1230 2725 ubi

10 2781 13 2789 ·
86 2745 227 2827 intelligit
238 2748 274 2807 eo
290 2743 464 2830 procellum,
477 2744 520 2806 uti
534 2760 658 2841 regnum
671 2760 722 2804 aut
736 2745 966 2824 relinquendum
979 2744 1058 2823 esset,
1072 2763 1124 2811 aut
1140 2751 1229 2812 armis

87 2828 286 2908 retinendum,
306 2829 489 2895 ²necellario
506 2850 608 2914 copias
624 2845 718 2917 parat,
736 2843 766 2891 et
780 2828 942 2916 Jugurthae
957 2832 1064 2897 obvius
1083 2836 1230 2917 procedit·

497 3091 812 3140 ruuuuuaurnuto.

378 3234 393 3265 ²
415 3231 571 3319 Ncceffltute
586 3232 717 3320 impulsus
736 3230 822 3316 copias
832 3245 929 3325 parat.

586 3452 715 3504 NOTAE.

117 3597 130 3626 ²
164 3585 300 3652 Noviffi'mb]
316 3586 369 3634 Non
382 3585 445 3634 enim
462 3585 474 3632 a
492 3589 558 3646 longo
576 3597 634 3633 tem·
659 3568 664 3585 ³
708 3587 946 3654 ePollnuaennibus.]
970 3586 1085 3638 Nimirum
1095 3590 1138 3648 illi,
1149 3593 1169 3640 se
1180 3593 1228 3641 Ro.

82 3664 133 3715 pore
146 3653 255 3712 Carthago
266 3652 278 3698 ἰ
289 3654 389 3715 Scipione
400 3655 469 3699 deleta
479 3653 558 3699 fuerat.
678 3666 729 3704 mae,
746 3652 815 3708 gratini
831 3667 852 3698 et
870 3656 953 3711 lavore,
971 3656 1045 3702 omnia
1060 3660 1085 3702 ad
1104 3660 1150 3718 ejus
1166 3674 1229 3706 corn-

115 3717 128 3753 b
146 3716 298 3782 Mulucham]
331 3719 384 3766 Alio
394 3718 571 3765 uominedicitur
582 3716 634 3762 Mo·
676 3720 768 3761 modum
777 3719 924 3777 conversurus,
942 3721 1029 3778 polliciti
1045 3733 1115 3768 erant.

82 3781 174 3830 rachab.
190 3783 243 3828 Fuit
259 3796 282 3829 et
298 3784 402 3846 oppidum
413 3783 522 3829 Mulucha
539 3783 633 3837 dictum,
707 3776 863 3843 fOpportunur
875 3783 983 3844 injuriet-l
1017 3788 1159 3846 Accipienda
1171 3786 1228 3833 scili·

80 3858 105 3892 ut
116 3848 184 3908 liquet
194 3863 220 3894 ex
232 3848 304 3894 Floro.
624 3874 626 3881 ·
676 3855 719 3894 cet·
754 3847 836 3906 lnjuria
847 3846 885 3893 hie
900 3847 978 3908 pallrve
988 3850 1088 3896 sumitur.

114 3909 247 3974 temera]
275 3910 431 3958 Aduerbium:
450 3910 633 3973 nilimavisprae-
706 3911 835 3974 Uarum]
868 3915 995 3973 Jugurtboe,
1011 3916 1099 3962 seilicet.
1138 3941 1142 3946 ·
1198 3936 1203 3945 ·

81 3974 209 4033 politionem
219 3977 325 4039 supplere.
347 3979 418 4024 Aliter
429 3977 496 4036 dicas,
509 3977 548 4023 His
559 3991 632 4040 excep·
705 3977 719 4014 l·
738 3976 897 4038 Praeturam]
922 3979 1064 4024 Praedatorius
1072 3977 1180 4025 exercitur
1192 3980 1229 4028 ‹ll-

82 4040 118 4082 rir.
674 4045 740 4096 citur,
760 4057 795 4099 qm
815 4043 919 4085 militibus
937 4044 1019 4086 constat
1037 4045 1114 4089 leviter
1132 4048 1228 4109 armatis,

113 4099 127 4138 ἆ
143 4102 258 4171 Prema]
277 4104 387 4163 Omniub,
402 4105 506 4166 liquidem
518 4106 630 4157 dimidiam
674 4118 696 4155 et
706 4107 730 4153 iu
742 4103 816 4161 fugam
826 4105 939 4162 expeditis.

79 4165 213 4227 Hiempsalis
223 4173 283 4233 regni
296 4184 378 4234 partem
389 4172 519 4220 obtinuerat.
704 4170 713 4211 l
731 4168 835 4239 Urbini
856 4168 981 4220 Accusatiri
996 4165 1065 4215 casus.
