2754 4914
318 223 322 235 ’
388 197 576 298 acutula
599 219 957 314 Jucuarmuuru.
1095 208 1097 214 ’
1180 250 1246 337 107

106 364 410 451 praeceptumsuerat,
424 361 560 425 evadunt.
604 357 717 422 Amisso
732 359 821 422 ²loco
834 357 979 423 Numidae
994 356 1060 436 sust,
1081 358 1244 446 fugatique,
1289 400 1292 404 ⁴

108 456 194 534 pauci
210 451 356 525 interiere,
372 450 522 530 plerosque
538 444 687 520 velocitaS,
710 457 740 515 et
755 448 836 528 regio
851 446 1003 509 bhostibus
1020 447 1133 530 ignara,
1149 462 1243 511 tutata
1300 498 1303 506 .

104 541 183 603 sunt.
226 537 341 600 Interea
359 527 521 610 Romilcir,
543 553 633 614 quem
653 531 827 611 elephantis,
848 544 879 593 et
892 534 965 611 parti
981 536 1131 611 copiarum
1154 534 1244 614 pede-

106 624 210 691 strium
226 621 396 704 praefectum
411 622 448 682 ab
464 618 612 703 Jugurthd
627 617 862 699 supradiximus,
878 617 927 680 ubi
938 639 1007 680 eum
1020 617 1152 681 Rutilius
1165 641 1243 698 prae-
1281 652 1284 657 ·

106 707 260 792 tergressus
272 707 324 785 est,
337 706 483 790 paullatim
494 706 558 765 suos
572 703 602 764 in
613 725 732 785 aequum
745 704 845 765 locum
860 703 995 765 deducit:
1011 725 1059 782 ac,
1074 705 1146 765 dum*
1159 706 1243 788 lega-

27 806 30 813 '
109 810 158 861 tus
177 795 213 855 ad
235 795 356 871 flumen,
379 791 440 874 qub
456 787 624 874 praemissus
644 803 717 862 erat,
739 787 877 850 seslinans
893 791 1000 872 pergit,
1023 790 1177 871 ¹quietus,
1200 790 1246 856 uti

108 900 154 943 res
168 878 339 960 postulabat,
355 879 449 940 aciem
466 890 607 937 exornat:
633 896 730 955 neque
746 875 877 950 remittit,
893 878 963 957 quid
982 875 1093 958 ubique
1107 875 1196 938 hostis
1208 899 1244 939 a·
1324 920 1327 933 ,

106 956 198 1047 geret,
213 963 371 1044 explorare,
395 961 552 1042 Postquam
570 958 716 1021 Rutilium
733 958 886 1022 consedisse
898 962 974 1043 jam,
989 975 1019 1022 et
1033 963 1134 1023 animo
1149 982 1244 1024 vacu-

106 1069 157 1109 um
169 1051 295 1129 accepit,
303 1047 451 1128 ,simulque
461 1068 498 1107 ex
510 1045 666 1127 Jugurthae
680 1046 785 1124 proelio
796 1046 955 1108 clamorem
966 1047 1079 1129 augeri,
1089 1046 1196 1108 veritus
1207 1070 1245 1111 ne

103 1133 217 1218 legatus
233 1134 413 1216 cogniti‘re,
428 1132 628 1194 laborantibus
643 1131 699 1192 suis
712 1130 823 1192 auxilio
838 1131 924 1208 foret,
941 1133 1045 1207 aciem,
1060 1152 1162 1212 quarn,
1184 1131 1245 1201 dis.
1318 1150 1321 1160 ¹

103 1217 199 1287 fidens
216 1219 317 1286 virtuti
333 1218 476 1296 militum,
491 1221 505 1249 ²
516 1232 576 1277 arte
588 1214 736 1291 statuerat,
750 1216 809 1298 qub
819 1213 944 1278 hostium
961 1229 971 1256 ⁶
985 1218 1080 1280 itineri
1097 1218 1243 1299 officeret,

102 1304 190 1367 laticis
201 1305 349 1386 porrigit3
369 1324 466 1384 eoque
481 1301 571 1363 modo
588 1303 621 1361 ad
639 1301 744 1363 Rutilii
765 1300 854 1362 casira
871 1302 1010 1380 procedit.
1055 1301 1186 1365 Romani
1201 1325 1243 1376 ex

102 1390 262 1470 improuiso
284 1389 409 1470 pulveris
430 1388 489 1471 vim
512 1409 640 1469 magnan
662 1387 909 1449 animadvertunt.
954 1387 1036 1448 Nam
1059 1387 1245 1468 prosped'tum

102 1496 172 1557 ager
195 1475 318 1536 arbuslis
343 1473 470 1536 consitus
495 1473 673 1554 prohibebat.
719 1472 760 1535 lit
782 1473 877 1551 primi>
899 1473 953 1534 rati
977 1475 1103 1535 humum
1128 1475 1244 1536 aridam

102 1576 191 1631 uento
206 1560 308 1642 agitari
325 1579 331 1619 :
362 1557 437 1639 post,
460 1559 508 1619 ubi
525 1559 699 1638 aequabilem
716 1579 844 1634 manere,
866 1573 895 1618 et
910 1556 983 1621 sicut
998 1558 1075 1630 acies
1097 1556 1256 1621 moveba?

101 1661 163 1721 tur,
179 1644 273 1726 magis
289 1642 441 1727 magisque
457 1648 690 1725 appropinquare
702 1645 819 1705 vident:
837 1644 959 1728 cogniti
975 1645 1040 1718 dre,
1056 1659 1243 1724 properanter
1289 1684 1291 1691 ·

101 1732 329 1811 armacapiunt,
350 1751 384 1793 ac
401 1751 453 1810 pro
474 1728 583 1813 castro,
607 1729 679 1792 sicut
698 1731 907 1811 imperabatur,
930 1727 1098 1790 consistunt.
1143 1728 1241 1807 Dein,

100 1815 152 1876 ubi
169 1816 290 1896 propitia
306 1829 429 1877 ventum
446 1804 498 1889 eit,
514 1814 662 1894 utrimque
679 1837 789 1897 magno
805 1813 933 1875 clamore
947 1816 1144 1877 concurritur.
1168 1813 1243 1876 Nu·
1280 1839 1294 1867 .·

58 1921 68 1940 ‘
100 1901 191 1962 midae
216 1900 423 1962 tantummodo
441 1909 452 1936 ⁸
468 1899 616 1973 remorati,
640 1901 710 1961 durn
733 1903 764 1960 in
779 1896 1098 1980 elephanti's'auxilium
1120 1915 1240 1982 putant,

100 1984 255 2066 postquam
268 2007 318 2047 eos
330 1985 484 2066 impeditos
501 1985 587 2054 ramis
601 1986 749 2060 arborum,
764 2001 851 2064 atque
866 1987 907 2045 ita
921 1985 1056 2069 disjedios
1072 1987 1240 2048 circumve-

50 2068 54 2077 ’
99 2071 158 2148 niti
175 2073 287 2145 vident,
308 2072 410 2152 sugam
427 2071 562 2130 fuciunt:
585 2091 619 2137 ac
641 2069 783 2150 plerique,
808 2071 928 2156 abjedlis
944 2073 1045 2145 armis,
1066 2073 1162 2145 collis,
1185 2085 1239 2136 aut
1274 2082 1278 2087 '

84 2154 206 2230 noetis,
228 2158 371 2240 quaejam
387 2155 494 2231 aderet,
517 2154 627 2216 auxilio
642 2156 747 2238 integri
770 2154 889 2217 abeunt.
934 2152 1090 2237 Elephanti
1109 2172 1239 2237 quatuor
1312 2153 1314 2157 ’

99 2243 189 2323 ¹capti,
210 2242 313 2324 reliqui
336 2261 447 2302 omnes‘
460 2247 584 2302 numero
606 2237 824 2322 fquadraginta
842 2241 997 2303 interfecti.
1015 2294 1016 2299 ,
1042 2245 1086 2302 At
1106 2240 1240 2306 Romani

19 2362 23 2367 ·
64 2384 68 2389 .
99 2346 283 2409 quamquam
307 2327 422 2402 itinere,
438 2343 527 2406 atque
547 2335 661 2407 gopere
677 2323 836 2388 castrorum
856 2346 884 2388 et
901 2327 1009 2413 proelio
1023 2328 1095 2403 sessi,
1116 2329 1238 2410 lusitque
1338 2358 1341 2365 ·

97 2427 193 2489 erant,
216 2427 328 2492 tamen,
354 2411 434 2493 quiid
450 2410 591 2480 Metellus
617 2410 743 2492 amplius
768 2413 908 2493 opinione
924 2415 1105 2490 morabatur,
1131 2413 1240 2476 instru-

53 2512 67 2533 ³
82 2499 149 2573 cti,
173 2499 184 2534 ¹¹
205 2498 370 2582 intentique
385 2497 501 2559 obviim
523 2492 695 2578 procedunt.
739 2496 823 2558 Nam
839 2498 923 2558 dolus
939 2497 1141 2561 Numidarum
1163 2497 1238 2561 nihil

96 2582 239 2665 languidi,
255 2606 351 2666 neque
367 2583 470 2644 remiffi
493 2583 665 2663 patiebatur.
712 2584 759 2645 Ac
781 2582 878 2660 primi>
899 2582 1023 2644 obscuri
1039 2583 1139 2657 nocie,
1155 2583 1237 2663 post-

95 2690 184 2750 quam
207 2671 285 2730 haud
311 2666 412 2748 procul
434 2666 530 2735 iinter
550 2668 575 2729 se
598 2684 692 2740 erant,
713 2666 842 2745 strepitu,
869 2666 959 2726 veluti
980 2665 1075 2728 hostes
1097 2669 1237 2729 adventa-

94 2770 170 2825 rent,
193 2753 274 2813 alteri
296 2755 372 2832 apud
391 2752 497 2829 alteros
519 2753 705 2813 formidinem
725 2750 820 2823 simul,
841 2765 872 2823 et
886 2751 1047 2813 tumultum
1070 2752 1178 2829 facere,
1202 2768 1234 2817 et
1264 2800 1270 2805 *-

94 2837 169 2924 pene
190 2838 385 2919 imprudentia
404 2839 418 2873 ¹²
437 2835 600 2919 admissum,
610 2838 726 2898 facinus
747 2836 920 2914 miserabile,
944 2838 976 2899 ni
996 2836 1147 2919 utrimque
1158 2859 1251 2919 prae,
1334 2908 1337 2915 Ι

507 3048 818 3103 INTERPRETATIO·

133 3185 143 3227 ³
169 3175 224 3256 Et,
235 3180 300 3240 dum
314 3177 445 3247 Rutilius
457 3178 565 3261 lagatus
571 3193 655 3261 pro-1
724 3183 737 3212 ²
760 3177 884 3260 Porrigi
912 3178 998 3241 satiris
1025 3179 1121 3256 aciem,
1152 3181 1242 3263 qudm'

88 3278 173 3346 perat
195 3267 354 3349 aestuatur,
374 3267 424 3345 qui
442 3265 597 3350 praemiffiat
612 3289 642 3326 e·
681 3263 712 3326 in
739 3279 860 3326 rexerat
874 3264 959 3347 denstt
980 3265 1135 3345 ordinibus,
1156 3265 1235 3351 dff-

79 3361 152 3423 rat,
168 3346 310 3416 Bomilcar
320 3364 373 3429 per
395 3348 479 3410 oriam
494 3353 579 3412 aciem
594 3350 641 3413 in·
681 3352 748 3412 dens
761 3351 871 3412 virtuti
890 3349 1019 3416 militum.

79 3433 188 3520 struit,
204 3432 247 3506 ati
259 3432 474 3518 respostulabat.

598 3587 735 3677 norm

17 3776 21 3783 ·
120 3750 219 3816 ‘ami
237 3754 304 3814 Colle„
322 3754 415 3817 scilicet,
712 3754 823 3820 ‘Opere-J
840 3757 929 3807 Scilicet
939 3756 1005 3805 castra
1016 3757 1161 3806 munietur(

121 3816 262 3882 bHustibunj
282 3822 399 3866 Romanis.
711 3818 875 3890 hircumque]
893 3825 955 3872 Hinc
969 3823 1042 3870 uideas
1058 3826 1131 3886 quales
1147 3823 1232 3872 suerint
1273 3872 1275 3876 ,

15 3882 21 3897 “
119 3884 235 3946 Urinam]
254 3885 277 3929 Si
291 3882 399 3935 'nimirum
418 3884 512 3933 Metello
531 3884 639 3934 auxilium
678 3885 786 3933 Romani.

89 3948 171 3996 adferre
182 3949 304 3994 voluissent.
434 3986 437 3993 .
713 3948 794 3997 iluna
806 3950 853 4016 sa]
871 3952 905 3999 De
924 3951 1036 3999 Romanis
1055 3951 1158 4014 loquitur,
1175 3968 1232 4014 quo·

120 4011 202 4076 dau]
219 4013 358 4072 Exercitum,
376 4011 466 4070 scilicet,
483 4015 604 4064 adventare.
677 4015 775 4062 romalii
787 4032 840 4064 cum
856 4018 959 4075 Metello,
975 4015 1011 4062 alii
1031 4031 1084 4062 cum
1102 4016 1188 4064 Rutilio
1206 4034 1231 4066 e.

120 4086 132 4113 θ
144 4077 270 4140 Remorum]
289 4077 320 4123 Ilr
331 4077 435 4140 nefirent'
447 4095 501 4125 erme
509 4098 559 4144 que,
576 4080 626 4135 ὃς.
676 4089 732 4128 rant.

120 4137 132 4175 f
151 4139 323 4206 Quadraginta]
351 4144 379 4194 Iu
398 4143 534 4209 quibusdam,
550 4144 638 4213 triginta
709 4143 724 4181 k
743 4144 881 4211 Admfflnj
908 4148 951 4207 Ut,
966 4143 1057 4204 seilicet,
1073 4144 1172 4196 Romtui
1192 4147 1230 4199 iu·

87 4202 335 4279 paatimaqqrcrtqtqp
392 4254 395 4259 ,
456 4214 459 4218 ’
676 4208 891 4274 vicempugnren.
1041 4226 1044 4231 ·

130 4300 140 4323 Ι
