2754 4914
460 215 523 283 nr
545 214 639 282 aar.
662 164 956 323 nuntiarunt}
1214 243 1278 312 ηις

130 349 260 424 ludibrio
280 349 364 423 sunt3
388 345 432 410 sed
449 345 470 410 li
485 349 564 411 suam
585 349 693 429 cuique
709 369 770 411 rem
788 350 972 424 familiarem,
996 349 1084 412 finem
1106 352 1277 432 sumptuum

133 447 146 471 ²
161 435 308 504 statueris:
330 435 469 516 quoniam
496 437 519 496 is
544 435 655 498 inceffit
682 454 758 509 mos,
776 434 923 496 .homines
950 434 962 471 b
987 438 1206 514 adolescentuli,
1228 441 1276 501 sua
1351 478 1361 497 0

131 537 220 602 atque
234 522 328 581 aliena
353 520 533 594 consumere,
555 520 632 580 nihil
654 519 788 588 lubidini,
812 535 901 600 atque
916 521 979 582 aliis
996 525 1166 604 rogantibus
1187 527 1277 585 dene-

133 628 212 689 gare,
235 606 462 685 pulcherrimum
486 619 612 686 putent3
636 600 735 664 ‘eam'
755 596 892 666 virlutem
908 621 938 666 et
953 609 1187 689 magnitudinem
1210 611 1277 672 ani-

131 693 174 758 mi
188 695 330 771 pudorem
347 707 434 771 atque
455 686 637 763 modestiam,
660 711 713 770 pro
734 690 862 751 socordia
885 690 1040 753 aestiment.
1085 697 1094 724 ¹
1113 694 1195 778 Ergo
1211 697 1278 755 ani-

133 797 200 837 mus
223 780 315 847 serox,
339 778 426 857 prava
441 773 654 858 ¹viaiingressus,
678 775 727 837 ubi
753 777 890 837 consueta
912 798 973 838 non
997 778 1161 858 suppetunt,
1186 781 1278 843 fertur

133 862 274 923 accensus
290 861 319 921 in
334 862 426 922 socios
448 861 551 935 modb,
574 860 664 922 modo
687 862 715 921 in
737 862 835 921 cives:
862 876 962 921 movet
986 863 1158 943 composita,
1181 881 1211 925 et
1232 887 1277 927 res

132 968 222 1008 novas
237 946 249 982 ‘¹
262 946 409 1007 ‘veteribus
425 947 561 1029 acquirit.
586 937 687 1027 Quare
703 958 715 984 ⁸
730 945 875 1007 tollendus
891 942 1052 1009 soerterator
1068 951 1096 1010 in
1114 950 1273 1028 posterum,

54 1070 58 1075 -
131 1031 171 1092 uti
189 1031 251 1093 suas
266 1031 388 1115 quisque
405 1051 448 1090 res
464 1051 611 1093 curemus.
655 1030 700 1092 Ea
715 1052 793 1104 vera,
816 1046 906 1113 atque
928 1031 1047 1110 simplex
1066 1037 1110 1096 via
1126 1036 1178 1109 esl,
1203 1059 1270 1097 ma-

36 1157 44 1175 .
128 1115 282 1201 gistratum
299 1116 420 1196 populo,
444 1138 505 1177 non
520 1114 669 1190 creditori,
692 1134 812 1198 gerere,
836 1135 864 1178 et
881 1119 1116 1200 magnitudinem
1135 1123 1225 1181 animi
1242 1123 1274 1183 in

130 1202 279 1275 addendo,
301 1199 312 1235 f
332 1223 393 1262 non
416 1201 564 1262 demendo
586 1201 657 1281 reip.
679 1201 837 1263 ostendere.
883 1203 985 1285 Atque
1011 1226 1067 1286 ego
1094 1206 1163 1279 scio,
1185 1227 1276 1286 quam
1298 1264 1301 1271 .

130 1288 227 1367 aspera
242 1287 305 1347 haec
321 1306 366 1346 res
383 1286 412 1346 in
428 1286 573 1367 principio
588 1285 685 1347 futura
701 1285 755 1363 srt;
779 1287 936 1368 praesertim
958 1290 1003 1363 iis,
1020 1292 1071 1371 qui
1088 1290 1158 1350 sein
1177 1289 1274 1352 vidio-
1294 1338 1300 1363 ,

40 1401 43 1407 ·
131 1374 175 1434 rial
187 1369 328 1439 licentiirs
344 1370 527 1452 liberiusque,
549 1369 639 1454 quam
658 1371 758 1446 artiiu,
780 1373 893 1433 futuros
909 1374 1081 1436 credebant:
1106 1396 1236 1455 quorum
1253 1375 1274 1441 st

132 1457 227 1533 saluti„
250 1453 347 1537 potitis
372 1456 460 1536 quam
484 1455 606 1520 lubidini
635 1457 788 1535 consules;
813 1457 944 1540 illosque,
967 1461 1087 1542 nosque,
1110 1478 1139 1522 et
1167 1463 1272 1538 socios,

134 1542 168 1603 in·
179 1564 251 1625 pace
266 1540 543 1609 firma'conslitues.
588 1539 620 1603 Si
634 1550 646 1588 ἓ
661 1543 761 1606 eadem
789 1544 895 1618 studia,
919 1545 1049 1624 artesque
1070 1548 1222 1628 juventuti
1237 1569 1272 1608 e-

130 1643 201 1690 runt
211 1653 221 1702 3
246 1649 292 1689 nae
308 1625 359 1687 ista
373 1628 489 1711 egregia
506 1645 555 1688 tua
568 1625 841 1706 sama,s1mulcum
859 1629 928 1689 urbe
943 1627 1044 1691 Romal
1060 1631 1140 1692 brevi
1167 1634 1272 1693 conci-

129 1714 186 1778 det.
230 1709 383 1775 Postremo
407 1713 547 1790 sapientes
561 1715 641 1792 pacis
657 1715 749 1774 causti
775 1713 883 1775 bellum
900 1730 1017 1796 gerunt,
1041 1714 1199 1776 hlaborem
1224 1720 1271 1797 spe

128 1799 181 1860 otii
197 1796 342 1859 sustentat.
387 1796 452 1859 Nisi
467 1797 547 1858 illam
562 1795 679 1860 firmam
694 1800 799 1874 efficis,
822 1800 913 1873 vinci,
936 1821 974 1861 an
990 1798 1100 1879 uicisse,
1125 1802 1195 1881 quid
1221 1824 1270 1862 re-

127 1882 216 1946 tulit?
240 1881 343 1963 Qrare
357 1882 466 1963 capesse
481 1883 613 1963 perdens
628 1906 721 1965 remp.
738 1899 767 1944 et
782 1886 883 1946 omnia
897 1888 905 1925 ¹
920 1883 1086 1966 aspera,=uti
1104 1885 1188 1961 soles,
1202 1908 1271 1967 per»
1299 1883 1303 1894 ⁸

126 1969 206 2037 vade.
244 1967 256 2004 ¹⁴
275 1967 415 2047 Namque
430 1984 481 2030 aut
496 1983 527 2033 tu
543 1968 651 2029 mederi
670 1985 764 2049 potes,
780 1984 830 2031 aut
845 1969 1008 2031 omittenda
1022 1971 1064 2033 est
1079 1992 1150 2032 cura
1165 1975 1268 2034 omni„

127 2056 192 2122 bus.
217 2051 324 2135 Neque
343 2056 348 2092 ¹
364 2054 518 2135 quisquam
536 2066 564 2115 te
580 2054 615 2114 ad
631 2054 760 2117 crudeles
776 2076 892 2137 poenas,
902 2070 952 2117 aut
966 2058 1070 2118 acerba
1081 2057 1206 2143 judicia,
1221 2059 1280 2124 in..

540 2328 856 2376 INTERPRETATIO.

172 2465 181 2494 ¹
205 2455 250 2521 Ob
277 2456 327 2520 bas
357 2456 451 2542 causas
475 2456 582 2519 animus
602 2459 689 2543 ferox
714 2451 842 2536 ingreffiar
860 2449 956 2534 prava
980 2448 1045 2529 vici,
1078 2448 1126 2514 adi
1147 2453 1270 2540 constrata

125 2567 176 2608 uon
191 2545 342 2630 suppetunt
356 2545 460 2627 scitur
485 2542 619 2627 accensio,
640 2541 715 2605 madi
731 2539 862 2623 injicias,
885 2536 943 2598 &n

623 2770 752 2824 NOTAE.
774 2810 777 2815 .

155 2908 314 2975 *Statura-iad
346 2909 465 2958 Discordiae
486 2908 543 2956 vires
568 2909 675 2955 maximas
714 2903 851 2968 quifirionisr
870 2900 937 2949 multa
952 2901 1013 2948 enim
1031 2901 1169 2950 incommoda
1181 2901 1265 2959 exysoe.

123 2974 261 3033 subtraxerit,
278 2970 324 3037 qui’
335 2976 375 3021 boc
387 2976 480 3022 auctoris
500 2975 583 3021 monitu
596 2975 626 3019 uti
638 2975 672 3018 di·
713 2989 764 3018 nore
782 2970 850 3028 tangit
871 2968 993 3021 Sallustius,
1010 2967 1034 3014 in
1054 2983 1080 3012 eo
1099 2969 1177 3013 abusus
1196 2969 1266 3026 pluri·

122 3042 192 3093 ceriti
212 3049 237 3086 ut
255 3043 314 3089 enim
327 3043 418 3100 ,optime
440 3043 525 3093 Florus,
543 3039 673 3102 Mugnficur
713 3052 771 3091 mus,
789 3048 894 3086 attamen,
911 3034 1018 3092 quomodo
1029 3032 1051 3078 in
1065 3042 1136 3078 toturn
1155 3034 1198 3078 tolli
1215 3034 1265 3091 pos-

122 3118 239 3168 apparatus
248 3107 399 3162 conviviorum,
416 3119 435 3151 et
449 3104 564 3170 sumptuofia
580 3104 672 3167 largitio,
712 3101 745 3157 srt,
763 3116 806 3146 non
820 3100 890 3143 video.
1036 3156 1044 3171 ,
1076 3159 1082 3170 .
1222 3157 1252 3173 ·,

121 3187 183 3216 nonne
196 3169 223 3214 ab
239 3169 340 3233 opulenta*
354 3172 457 3233 paritura
478 3187 523 3214 mox
543 3169 670 3232 egestatem?
743 3165 756 3210 f
773 3169 820 3211 Nan
840 3157 956 3222 demenda]
983 3159 1056 3216 Magis
1077 3161 1130 3206 istud
1150 3159 1263 3217 rhetorice,

121 3236 176 3284 Hoec
186 3235 297 3283 Catilinam
306 3238 387 3296 pueriae
392 3234 438 3295 suae
448 3235 537 3296 impegit.
711 3229 778 3289 quim
800 3226 886 3289 politice
909 3225 1011 3281 dietum,
1031 3225 1069 3268 nist
1090 3225 1203 3271 Sallustius
1226 3225 1263 3269 ni·

155 3295 348 3362 barromonte]
382 3301 473 3345 Utinam
490 3298 602 3356 aliquando
616 3300 670 3354 apud
711 3297 762 3340 miae
771 3293 925 3339 soeneratorum
939 3288 1031 3332 licenttae
1040 3288 1125 3334 obvirim
1135 3288 1164 3333 ire
1173 3300 1273 3341 conatus.

122 3359 178 3406 viros
197 3363 302 3421 principes
318 3377 341 3405 ra
361 3378 433 3407 rerum
455 3363 600 3407 humanarum
620 3377 671 3406 cura
710 3360 749 3402 eli.
782 3352 1047 3421 Qamvisenimaliquid
1066 3352 1154 3397 videaris
1172 3350 1263 3399 debitori

122 3425 238 3479 exoriatur,
256 3437 280 3471 ut
302 3425 347 3483 post
370 3425 448 3469 suturis
467 3426 589 3481 consulant,
617 3428 670 3470 dum
709 3437 748 3480 per
760 3421 830 3466 sanus
841 3413 960 3470 detrahere,
976 3417 1080 3477 peridem
1093 3418 1122 3465 illl
1136 3415 1191 3476 saepb
1203 3417 1264 3467 mul·

122 3489 259 3535 venientium
270 3488 398 3534 institutioni
412 3488 549 3547 prospiciunt.
710 3484 758 3531 tum
768 3483 880 3529 addideris.

153 3551 255 3614 cEuan]
274 3555 297 3598 ld
311 3553 352 3604 est,
368 3554 389 3597 iu
401 3569 420 3596 ro
427 3553 520 3614 prstrrm.
741 3556 753 3594 lt·
766 3545 870 3608 Eadem]
888 3545 922 3590 De
933 3544 1010 3604 quibus
1022 3542 1094 3606 sopri,
1113 3543 1159 3591 Sua
1172 3544 1261 3602 scilicet,

153 3615 305 3680 ‘'Varenian]
320 3608 371 3662 ¹Hoc
383 3619 422 3671 esi,
440 3619 514 3662 n'licnn
533 3613 668 3678 consumendo,
709 3627 728 3659 rr
738 3613 804 3659 aliena
816 3609 938 3674 corffumrre3
957 3605 1018 3672 ξπ]
1141 3651 1152 3684 ,¹
1195 3671 1200 3682 .

119 3681 412 3744 nihilluoidinidencganrlo.]
427 3679 669 3738 Caeterbmvrdemibi,
741 3674 754 3722 lt
774 3673 898 3740 Laborem]
915 3674 1036 3720 Militarem
1056 3673 1175 3736 prasertim
1195 3674 1261 3718 mtel.

118 3745 202 3808 quaeso,
219 3753 328 3808 quomodo
345 3745 545 3792 seutentiamsuam
562 3746 668 3804 expresse·
709 3742 759 3800 lige.
1045 3770 1053 3787 Ι
1181 3798 1186 3808 ·
1249 3797 1261 3814 Α

119 3812 156 3856 rit.
189 3811 260 3858 Petita
276 3827 310 3856 res
325 3826 351 3855 ex
372 3809 421 3869 ipsis
441 3822 525 3855 naturae
544 3809 669 3866 visceribus,
740 3803 748 3842 ¹
770 3803 874 3870 Asprum]
901 3805 958 3868 Qae
980 3802 1081 3850 videlicet
1099 3801 1122 3849 in
1141 3799 1261 3853 ordinanda

120 3875 156 3925 ubi
178 3874 252 3920 omnia
273 3876 348 3925 iisdem
379 3874 531 3921 conservantur
561 3873 669 3934 principiis
708 3869 950 3930 republicaioecurrunt,

120 3940 197 3998 quibus
213 3952 313 3996 generata
330 3940 388 3987 sunt.
423 3938 508 3986 Vctbm
526 3941 669 4000 Jocusestex
740 3935 754 3971 l<
771 3933 887 4000 Namque]
906 3931 986 3979 Caesari
997 3930 1121 3977 assentatur.
1212 3990 1217 4002 .

120 4017 191 4048 rerum
203 4016 301 4059 veterum
315 4016 335 4049 et
344 4019 447 4049 novarum
459 4005 605 4062 oppoiitione3
618 4020 668 4063 quae
741 3998 748 4037 l
761 3998 899 4065 Qispurm]
919 4000 993 4043 Burrus
1005 3996 1093 4045 scilieet.
1112 3990 1197 4064 Verium
1212 3990 1262 4039 rdrb

119 4064 145 4111 'rb
156 4065 227 4111 minrls
239 4066 292 4113 beni
305 4071 420 4130 compotita
438 4068 556 4124 videntur;
574 4076 629 4129 quod
641 4084 669 4114 ex
707 4082 751 4113 non
764 4068 854 4120 addidit,
872 4064 921 4123 quia
933 4077 979 4106 rem
992 4059 1058 4118 ipsam
1077 4058 1176 4130 terminia
1194 4057 1260 4132 usque

120 4130 292 4178 veteribusnova
305 4149 348 4176 nnn
362 4126 582 4189 uileantetnergere.·
707 4128 759 4181 adrui
781 4128 890 4175 invidiont
916 4123 1031 4183 proposuit,
1060 4129 1085 4167 ut
1106 4137 1143 4181 qur
1165 4118 1262 4181 maximi

150 4204 162 4243 t
176 4193 303 4260 lillcndanj
321 4197 379 4245 Istud
392 4194 450 4245 certe
467 4196 570 4243 maximae
582 4196 612 4241 ull
624 4192 666 4243 dis·
697 4197 804 4256 eupiunt,
821 4208 870 4239 eam
881 4206 925 4237 non
936 4187 1006 4239 ausint
1018 4183 1139 4237 defendere·

753 4254 823 4343 03
