2754 4914
405 231 597 300 unacum
621 192 1013 318 Jueuannmun.)
1225 257 1268 330 ,ς
1359 284 1361 295 .

130 375 184 438 usu
200 373 356 455 potiorem,
370 389 437 447 quae
448 364 618 448 portuosae,
636 381 665 427 et
674 364 807 435 aediliciis
819 366 1063 448 magisexomata
1072 377 1147 444 erat,
1160 368 1272 434 Ather-

134 458 181 522 bal
197 459 327 540 possedit.
374 457 433 517 Res
449 449 591 534 postulate
603 451 715 515 videtur
730 453 846 514 Asticae'
858 451 943 514 satum
956 453 1056 534 paucis
1071 473 1229 534 exponere,
1240 473 1272 521 et

128 565 179 608 eas
193 560 309 628 gentes,
325 540 498 622 quibuscum
511 537 595 598 nobis
611 537 789 617 bellum‘aut
801 538 930 598 amicitia
942 539 1010 613 suit,
1026 539 1178 620 attingere.
1213 541 1272 606 Sed

130 652 201 712 quae
217 630 294 703 loca,
309 645 337 688 et
355 625 486 688 nationes
497 622 537 683 ob
550 632 562 658 ²
573 622 716 690 calorem,
731 640 782 684 aut
797 623 988 701 asperitatem,
1000 625 1071 684 item
1088 626 1271 704 solitudines,

131 714 233 776 minis
253 716 433 793 frequentata·
453 709 530 784 sunt,
549 707 584 768 de
601 709 635 768 iis
657 709 733 770 haud
753 704 839 768 facile
859 722 1045 790 compertum
1065 707 1242 784 narraverim
1258 738 1272 790 3

131 813 238 862 caetera
253 799 340 880 quam
356 796 531 877 paucissrmis
551 793 707 856 absolvam.
877 855 880 861 ,

175 884 210 945 1η
226 882 362 943 divifione
377 881 457 942 orbis
472 896 556 941 terrae
574 878 704 960 plerique
716 879 728 916 b
741 879 772 940 in
784 893 865 959 parte
880 881 967 943 tertiai
978 880 1113 944 Asrieam
1128 883 1250 964 posudre.
1259 911 1272 962 ς

129 970 214 1049 pauci
229 967 438 1030 tantummodi)
455 964 566 1037 Asiam,
582 981 612 1024 et
624 963 775 1045 Europam
792 973 803 1001 ⁶
819 963 885 1042 csse,
900 965 945 1027 sed
961 967 1097 1030 Africam
1116 968 1148 1028 in
1170 968 1271 1037 Euro,
1345 967 1349 972 ⁴

127 1056 177 1133 pri.
223 1053 267 1115 Ea
286 1053 354 1115 finis
370 1053 459 1114 habet
472 1052 508 1110 ab
523 1050 675 1111 occidente
691 1051 703 1088 ‘¹
722 1051 832 1111 fretum
848 1061 859 1089 ⁰
874 1049 963 1113 nostri
979 1055 1068 1114 maris
1082 1065 1113 1114 et
1131 1049 1272 1129 Oceanie

125 1139 170 1207 ab.
185 1153 251 1205 ortu
273 1140 339 1200 solis
357 1135 505 1198 declivem
525 1135 534 1170 s
554 1134 763 1211 latitudinem3
787 1156 877 1216 quem
898 1136 999 1199 locum
1019 1137 1273 1202 gCatabathmon

126 1223 238 1288 incolae
253 1223 409 1305 appellant.
456 1219 565 1282 hMare
578 1220 701 1296 saevum,
717 1221 940 1300 importuosum.
984 1223 1068 1305 Ager
1082 1210 1201 1306 frugum
1215 1226 1275 1286 ser·

124 1308 198 1385 tilis,
226 1310 324 1372 bonus
355 1305 469 1389 pecori,
498 1307 593 1368 arbori
619 1304 827 1369 infoecundus:
851 1305 958 1385 icaelo,
988 1311 1126 1390 terraique
1151 1312 1275 1389 penuria

129 1415 295 1474 aquarum:
321 1412 414 1474 genus
430 1392 585 1453 hominum
602 1389 704 1453 salubri
721 1412 856 1471 corpote,
877 1391 973 1467 velox,
994 1397 1106 1473 patiens
1117 1394 1274 1459 laborum:

131 1471 284 1560 plerosque
305 1477 437 1557 senesius
462 1477 598 1552 dissolvit,
622 1474 674 1537 nist
695 1478 746 1558 qui
772 1477 971 1552 serro,aut1a
995 1478 1092 1540 bestiis
1117 1480 1273 1544 interidtez
1312 1540 1315 1548 .

78 1617 83 1625 .
131 1562 219 1636 Nam
239 1564 360 1625 morbus
383 1561 459 1623 haud
483 1561 561 1643 saepe
578 1583 760 1643 quemquam
784 1561 904 1641 superat.
949 1563 998 1625 Ad
1023 1566 1092 1638 hoc,
1118 1557 1275 1632 “malefiei

130 1650 246 1732 generis
271 1650 398 1728 plurima
422 1649 569 1710 animalia.
614 1645 671 1707 Sed
693 1649 744 1730 qui
767 1647 905 1710 mortales
929 1649 1014 1710 initio
1035 1651 1169 1712 Africam
1195 1654 1274 1713 ¹ha.

129 1736 258 1809 buerint,
279 1735 388 1815 quique
410 1733 507 1814 postea
527 1730 707 1808 accesserint,
726 1745 778 1792 aut
796 1755 858 1815 quo
879 1734 970 1811 modo
990 1735 1067 1795 inter
1086 1735 1112 1795 se
1133 1740 1273 1816 permixti

127 1818 196 1896 sint,
218 1819 398 1901 quamquam
419 1821 455 1880 ab
470 1824 505 1880 ea
523 1819 615 1894 samir,
635 1840 703 1900 quae
723 1818 874 1903 plerosque
894 1818 1019 1895 obtinet,
1041 1820 1186 1882 diversum
1204 1823 1271 1898 est;

129 1920 240 1978 tamen,
260 1920 292 1965 ut
305 1927 342 1965 ex
358 1904 438 1965 libris
461 1904 594 1978 PuniciS,
617 1906 668 1985 qui
685 1904 761 1983 regis
783 1903 969 1984 Hiempsalis
976 1904 1161 1980 dicebantur,
1182 1907 1274 1970 inter-

124 1992 274 2084 pretatum
298 1990 383 2052 nobis
408 1987 468 2052 est:
499 1989 599 2072 utique
626 2010 688 2051 rem
713 1987 769 2066 sese
793 1990 913 2065 habere,
926 1989 1067 2069 cultores
1092 1993 1157 2079 ejus
1183 2012 1269 2058 terrae

542 2239 860 2301 INTERPRETATIO·

146 2446 149 2450 ,
169 2389 180 2446 i
203 2381 310 2453 Dicam
322 2379 405 2463 quein
416 2373 581 2471 paucifflmis
595 2382 692 2460 verbis
701 2381 751 2466 qui
758 2380 882 2458 immines
898 2380 980 2446 initia
994 2380 1140 2462 coluerint,
1153 2397 1180 2448 tt
1192 2379 1276 2447 stabi-

129 2469 257 2565 savert'nt
272 2466 411 2566 Africam,

534 2744 541 2769 Χ
633 2678 765 2771 norm.

161 2849 300 2924 'Calarth
323 2847 377 2898 Solis
396 2846 485 2898 scilicet.
520 2845 595 2904 Nemo
614 2842 683 2891 nescit
721 2844 849 2908 pertexeris.
883 2844 1013 2898 Videndum
1025 2847 1056 2897 est
1073 2843 1160 2899 interim
1176 2862 1203 2901 ne
1216 2846 1277 2896 nobie
1314 2859 1315 2863 ’

128 2914 217 2962 Africae
238 2929 358 2961 maximam
381 2924 463 2974 partem
488 2911 527 2956 sub
548 2904 613 2968 Zoni
639 2906 682 2955 esse
722 2913 837 2970 imponent
858 2909 943 2958 tribulae
965 2914 1043 2960 nostrae
1064 2910 1230 2977 Qeographkae,
1253 2913 1277 2960 in

53 3020 55 3025 .
127 2977 217 3038 torridi,
228 2991 291 3039 atque
302 2977 354 3025 adei>
364 2977 474 3023 arboribus
484 2973 589 3021 infestari.
721 2978 798 3036 quibus
810 2975 869 3022 nulla
878 2978 1005 3038 quandoque
1022 2989 1084 3023 tertae
1104 2974 1224 3031 curritatisr
1234 2977 1278 3022 atio

161 3043 174 3082 b
193 3045 219 3090 sn
226 3041 313 3107 parte-J
331 3044 355 3089 ld
366 3042 407 3097 est,
420 3038 682 3103 Africamtem'tmmm-
722 3040 823 3095 habetur,
844 3039 906 3100 cujus
925 3051 1010 3100 tamen,
1017 3033 1104 3087 crimin
1125 3035 1277 3103 planoertptiss

127 3107 152 3155 di
164 3109 358 3173 partemfeterant.
393 3108 460 3151 Nunc
477 3101 528 3151 verb
546 3102 608 3159 aliter
626 3102 682 3149 divi·
722 3107 800 3160 mitur,
822 3103 861 3150 nifi
874 3105 976 3163 cogitatio
994 3106 1091 3160 subierit,
1103 3119 1197 3164 pronum
1209 3107 1241 3152 est
1252 3106 1276 3160 itt

127 3173 179 3242 sum
194 3173 269 3221 orbem
281 3173 370 3232 reperies
384 3173 438 3230 apud
455 3167 608 3228 Geographos,
624 3168 682 3227 poil-
722 3169 857 3228 gravissimos
868 3184 948 3215 errores
959 3171 1061 3215 incidere.

127 3252 196 3296 quam
218 3237 327 3283 veteribus
349 3236 466 3293 incognitae
489 3243 552 3280 terrae
576 3229 588 3276 ai
610 3233 683 3278 nautis
755 3231 766 3269 f
782 3231 944 3296 [retitudinem]
962 3235 1035 3289 idest,
1047 3245 1142 3294 campum
1152 3232 1244 3296 vestam.

128 3301 250 3360 perlustatae
261 3301 321 3345 sunt.
754 3305 764 3334 ⁸
781 3295 955 3361 Catabathmum]
988 3292 1132 3344 Votc'Graeca
1141 3296 1171 3342 est
1181 3295 1192 3342 i
1204 3293 1277 3358 nane:

115 3390 117 3413 t
162 3371 173 3398 θ
192 3362 259 3426 Effi]
279 3364 303 3408 ld
315 3363 354 3418 esi,
366 3361 461 3427 Qidam
471 3360 524 3406 duat
536 3357 683 3405 tentamentis
722 3359 797 3407 (atem
807 3360 942 3421 descendere,
960 3361 1055 3421 adebque
1066 3361 1218 3407 Catabathmon
1229 3366 1278 3408 iuti·

127 3439 232 3481 strtarum
240 3437 313 3487 patres
324 3426 359 3489 effi
368 3426 488 3479 voluerunt,
506 3436 525 3468 et
538 3422 683 3484 Asiitatnsud
722 3424 751 3471 ne
766 3423 874 3487 descensum
886 3425 972 3472 dixeris.
1008 3427 1078 3472 Vallis
1091 3437 1135 3472 etat
1150 3428 1172 3470 in
1184 3427 1277 3487 AEgyp7

127 3484 441 3553 Eatapdcamprebrndendum.
477 3487 597 3544 Ambiguae
611 3486 683 3532 istius·
723 3499 771 3549 tum
786 3492 876 3544 devexa,
893 3488 908 3533 si
924 3490 992 3538 Metae
1011 3492 1127 3537 credimus.
1160 3490 1226 3537 Unde
1242 3493 1277 3538 vi.

125 3557 185 3604 modi
198 3555 282 3614 phrases
294 3570 338 3600 non
355 3554 405 3599 sunt
416 3552 537 3611 imitandae.
655 3550 658 3556 ’
721 3555 769 3599 deas
787 3568 831 3598 non
842 3554 937 3611 eosdem,
955 3556 991 3614 qui
1008 3554 1080 3609 nobis,
1092 3556 1201 3615 petet=bus
1213 3555 1277 3606 suiss'e

132 3633 135 3638 ·
160 3618 300 3682 dentum]
334 3617 416 3666 Maluit
426 3618 496 3662 dicere
513 3614 624 3667 Sallustius
629 3615 682 3678 fre·
722 3617 807 3663 Africae
819 3618 916 3676 limites,
934 3635 984 3666 nam
994 3619 1099 3675 eahodie,
1111 3619 1175 3679 idque
1186 3623 1277 3680 melius,

126 3698 172 3733 tum
183 3687 244 3732 maris
261 3680 327 3744 qudni
338 3700 395 3729 mare
410 3681 544 3742 simpliciter,
562 3690 587 3723 ut
603 3682 683 3731 aeslum
723 3681 789 3740 usque
800 3682 824 3723 ²11
837 3698 895 3728 mate
912 3685 1001 3729 rubrum
1014 3680 1157 3742 protenditur.
1249 3723 1255 3733 ,

126 3760 212 3796 notaret
229 3759 252 3796 et
271 3748 406 3803 violentiam,
426 3745 562 3807 quaeitriliis
579 3744 682 3802 augustiis
753 3742 875 3810 lamara]
908 3748 1018 3806 Libycum
1038 3748 1075 3793 seu
1087 3746 1204 3805 Africum,
1220 3751 1277 3810 quod
1325 3802 1329 3809 ι

125 3814 266 3874 conspicitur,
277 3813 300 3857 in
308 3827 361 3874 quae
377 3813 421 3858 duo
432 3810 499 3856 maria
513 3818 683 3873 concurruntur
721 3825 768 3872 pars
780 3810 811 3854 cst
824 3811 987 3856 Mediterranei.

127 3878 309 3925 commiscentur.
753 3872 861 3941 lCael.]
890 3875 914 3920 sd
928 3877 967 3933 est,
980 3893 1043 3936 neque
1054 3875 1077 3920 in
1097 3872 1179 3937 Africis
1191 3875 1278 3924 maltam
1369 3882 1371 3889 ’

93 3957 98 3967 “
158 3939 279 4003 eNostri]
314 3939 479 3994 Mediterranei,
508 3937 595 3993 scilieet,
625 3939 681 3997 quod
719 3938 792 4014 plain
810 3940 910 4005 nequeibt'
923 3943 980 4003 capia
997 3940 1130 4005 estfanrtam,
1148 3945 1280 4004 antstuuio·¹

61 4030 65 4035 v
125 4005 214 4052 Iuliam
226 3992 440 4061 alluit.,At·cerrb
453 4005 488 4048 vix
500 4004 525 4048 ab
539 4001 615 4048 occasu
627 4003 682 4046 diei·
720 4022 775 4051 rum.
1017 4007 1019 4013 '

126 4056 362 4139 epe-Miditerraneum
374 4067 567 4115 Africam'finire:
582 4068 681 4121 [edauc-
752 4067 903 4136 1ῑΜαΙεῇιιζ]
937 4066 994 4119 Pata
1035 4069 1154 4128 serpentes,
1192 4069 1276 4131 leones,
1353 4058 1360 4079 ’

101 4124 250 4180 ''sorimsteo
265 4132 318 4180 adeb
330 4133 433 4180 mirabilis
450 4132 510 4178 visua
525 4133 556 4177 est
567 4130 633 4176 maria
649 4147 682 4197 ae·
709 4137 767 4184 aee,
852 4133 859 4170 .’
1275 4147 1276 4150 ’

61 4212 65 4219 ·
126 4194 182 4283 sut,
199 4202 259 4253 ute'o
277 4197 379 4260 abreptus
394 4198 477 4248 fretum
488 4195 530 4246 late
540 4196 566 4245 ad
581 4197 683 4248 ocmsum
737 4192 755 4203 Ἀ
