2754 4914
113 190 190 332 'rt
270 288 273 295 .
450 242 456 265 ¹
558 232 875 321 [samusart-

143 373 251 437 avidus
267 371 420 452 potentiae,
435 370 567 449 honoris,
582 371 750 435 divitiarum
766 369 908 434 caetetitm
921 374 991 437 vitia
1005 375 1053 439 sua
1063 376 1165 441 callide
1180 383 1284 444 occul-

104 514 107 519 .
143 475 222 525 tans.
247 462 256 488 ¹
274 457 303 519 ls
320 457 473 538 postquim
483 458 566 520 uidet
578 460 654 541 regis
669 458 857 540 largitionem
872 460 1025 533 famosam,
1040 472 1052 498 ²
1067 463 1284 542 impudentem-

146 567 218 629 que,
240 545 349 605 veritus
374 545 454 624 q'uod
479 545 510 606 in
536 544 587 606 tali
611 567 641 605 re
666 543 749 616 folet,
770 565 808 604 ne
831 543 844 579 l’
867 544 977 625 polluta
1003 545 1122 609 licentia
1145 551 1284 613 iuvidiam

143 643 158 671 θ
184 632 368 703 accenderet,
391 632 556 691 animumn
577 628 714 691 consueta
742 627 871 689 lubidine
895 631 907 674 l
930 632 1086 693 continuit.
1131 633 1214 696 Vicit
1237 653 1284 698 ta·

145 717 262 779 menin
278 717 378 778 senatu
394 716 536 796 pusilla,
560 735 627 794 quae
649 716 663 742 ²
678 733 747 774 vero
768 714 893 791 pretium
918 731 969 775 aut
994 720 1117 797 gratiam
1143 723 1285 783 antefere-

145 803 207 865 bat.
253 800 419 865 Decretum
435 800 478 876 fit,
500 799 542 860 uti
564 800 665 859 decem
687 795 775 880 legati
798 819 934 879 regnum,
957 803 1036 881 quod
1059 802 1188 882 Micipsa
1207 807 1286 868 obti-

145 900 261 962 nuerat,
285 889 360 948 inter
375 884 566 965 Jugurtham,
581 900 611 943 et
627 884 830 956 Atherbalem‚
847 892 858 918 ⁶
873 885 1043 947 dividerent.
1090 865 1188 971 Cujus
1204 892 1289 973 lega·

145 976 235 1036 tionis
257 974 391 1054 princeps
407 971 461 1029 fuit
476 968 513 1029 L.
533 968 687 1048 Opimius,
710 970 800 1030 homo
816 968 924 1045 clarus,
946 969 1055 1033 et'ttim
1071 970 1099 1030 in
1117 974 1214 1034 senatu
1231 999 1288 1055 po-

144 1073 223 1133 tem,
243 1059 312 1139 quia
328 1053 440 1128 consul,
457 1051 497 1115 C.
510 1051 521 1089 f
533 1050 682 1116 Graccho
696 1070 726 1116 et
741 1053 791 1117 M.
807 1062 820 1100 ἕ
837 1054 945 1118 Fulvio
959 1054 1132 1132 interfedlis,
1147 1061 1287 1120 hacani-

145 1145 197 1208 me
211 1149 219 1186 ³
235 1141 394 1202 vindiciam
410 1139 571 1201 nobilitatis
588 1143 617 1202 in
633 1141 749 1222 plebem
764 1156 942 1204 exercuerat.
966 1140 1048 1204 Eum
1063 1139 1226 1226 Juguttha,
1242 1159 1289 1207 ta-

145 1227 230 1298 metfr
245 1226 353 1286 Romae
369 1224 400 1284 in
415 1226 519 1288 amicis
535 1227 688 1303 habuerat,
703 1242 803 1288 tamen
818 1226 830 1262 ¹‘
845 1227 1021 1291 curatiflime
1037 1229 1164 1307 recepit;
1180 1230 1289 1306 dando,
1368 1304 1370 1308 Α

145 1332 178 1376 et
199 1309 362 1392 pollicendo
389 1311 496 1387 multa,
518 1313 654 1394 perfecit,
679 1311 722 1373 uti
739 1313 840 1391 famae,
863 1322 870 1358 ¹
888 1311 957 1390 fide,
979 1313 1125 1395 postremi>
1147 1316 1290 1379 omnibus

145 1400 204 1462 fuis
219 1395 304 1456 rebus
323 1398 516 1459 connnodum
532 1400 609 1481 regis
624 1399 787 1460 anteferret.
834 1397 979 1482 Reliquos
994 1400 1106 1482 legatos
1121 1400 1223 1463 eaidem
1241 1402 1289 1462 viai

145 1479 308 1565 aggrelfus,
329 1482 481 1564 plerosque
500 1486 598 1563 capit;
620 1483 720 1563 paucis
744 1485 839 1545 carior
862 1482 944 1558 fides,
968 1485 1058 1565 quim
1080 1486 1204 1563 pecunia
1223 1486 1288 1547 fuit.

144 1567 184 1633 In
198 1564 348 1641 divifione,
366 1573 435 1650 quae
450 1589 516 1650 pars
534 1568 688 1629 Numidiae
705 1566 917 1632 Mauritaniam
933 1573 1066 1653 attingit,
1084 1579 1093 1615 ³
1111 1592 1193 1654 agro,
1207 1571 1291 1634 viris-

144 1675 206 1741 que
227 1653 404 1735 opulentior,
425 1653 586 1740 Jugurthae
609 1653 753 1727 traditura
775 1653 854 1716 illam
877 1654 1012 1732 alteram,
1033 1662 1049 1697 4
1070 1656 1176 1741 specie,
1197 1678 1289 1739 quam

562 1869 874 1916 INTERPRETATIO.

187 2018 199 2053 ι
217 2000 285 2063 Cain
299 2000 424 2064 Scaurus
440 2001 517 2065 videt
530 1995 700 2085 largitionem
781 1992 800 2041 a'
811 2004 859 2066 Ea
878 2016 949 2085 pars
974 2000 1099 2066 traditur
1125 1997 1291 2086 Jugurthae,

143 2085 303 2179 Jugurthae
317 2088 447 2172 infernam
462 2087 517 2170 effe.
738 2112 799 2172 quae
817 2089 871 2175 sali
885 2089 1074 2173 foecunditate
1095 2103 1122 2150 at
1145 2085 1294 2149 incolarum

50 2180 53 2184 ’
189 2175 203 2203 ²
228 2173 331 2236 Tamen
355 2187 424 2254 pars
448 2172 539 2256 patiar
556 2173 635 2258 fuit,
669 2174 700 2236 in
729 2174 895 2261 frequentia
905 2174 1088 2258 praevalebat.

137 2257 252 2347 finatu,
287 2280 389 2330 aarum,
425 2259 474 2339 qui
509 2262 700 2342 anteponebant
781 2265 796 2298 ⁴
821 2259 957 2321 Atherbal
972 2259 1099 2329 attinuit
1124 2256 1200 2319 illam
1223 2257 1293 2319 alta-

41 2348 44 2357 “
140 2344 268 2431 gratiam
297 2356 323 2408 ct
338 2343 477 2429 savorem
504 2365 571 2406 vara
595 2357 622 2423 et
651 2341 700 2406 lta-
738 2367 801 2407 ram
820 2359 928 2440 partem
941 2345 1072 2427 potiorem
1087 2340 1294 2430 pulchritudine

140 2437 191 2507 'pe‘
201 2452 224 2507 a.
497 2483 500 2487 .
738 2430 821 2514 quiae
836 2428 963 2492 attlttata.

651 2610 782 2668 NoTAE.

180 2749 193 2773 ¹
211 2738 413 2806 impudentemque]
431 2743 504 2790 Tanta
522 2741 620 2802 Romam
640 2760 704 2791 eaer-
744 2745 794 2789 dem
807 2742 907 2803 OpimIo,
921 2741 945 2789 in
962 2739 1074 2800 Aventino
1092 2750 1167 2799 pionte
1187 2742 1297 2804 oppressus

148 2807 197 2861 pult
212 2809 306 2863 avaritia,
324 2821 348 2851 ut
361 2805 430 2868 paim
443 2809 506 2865 leg'ati
519 2808 612 2867 pecuniai
625 2802 704 2856 suffra·
745 2809 785 2854 est.
821 2808 863 2853 Vir
877 2807 920 2855 fuit
931 2809 1055 2862 consularis,

112 2916 114 2920 .
148 2871 186 2931 gia
196 2885 301 2918 emerent.
334 2872 365 2918 Its
381 2868 671 2934 irfir’mairntlersanateurr,
687 2872 706 2918 le
777 2870 946 2935 briantina]
979 2875 1014 2918 Ex
1026 2870 1086 2931 plebe
1102 2871 1160 2918 enim
1172 2870 1212 2918 tria
1223 2869 1298 2916 homi-

143 2937 193 3005 jac,
209 2952 233 2981 ou
243 2935 336 2998 l'argent
348 2934 361 2980 ἃ
373 2934 394 2980 la
407 2937 472 2982 main.
657 2974 659 2978 ,
746 2952 801 2980 num
817 2938 884 2982 millia
898 2937 1020 2992 interfecit,
1037 2950 1156 2996 eorumque
1171 2949 1258 2996 corpora
1273 2934 1298 2980 itt

82 3038 89 3055 „
164 2997 197 3047 ,θ
216 2998 323 3061 Polluta]
341 2999 403 3047 Idem
423 2999 454 3042 est
472 2996 627 3056 propemodum
647 2999 704 3060 quod
744 3000 852 3058 Tyberim
864 3000 963 3057 projecit.

145 3063 237 3132 fimana.
271 3064 318 3108 Res
329 3074 373 3109 erat
386 3061 479 3109 nimidm
490 3061 585 3120 cognita.
776 3059 941 3123 maritatam]
960 3063 1001 3108 Pro
1022 3059 1062 3107 hic
1081 3077 1143 3119 vose,
1159 3077 1225 3122 quam
1244 3077 1298 3107 con-

176 3134 195 3166 ’θ
207 3126 356 3189 Arandara]
375 3123 457 3175 catriae
475 3126 583 3171 Scaurus:
602 3142 652 3172 nam
665 3141 703 3187 pe-
744 3122 776 3170 tri
787 3126 881 3170 audioris
892 3137 989 3172 mentem
1001 3123 1054 3170 dicit
1064 3127 1106 3172 effe
1119 3129 1238 3181 Gruterus,
1249 3128 1299 3170 vic-

150 3193 244 3244 ticulum
264 3192 294 3238 est
316 3192 440 3238 maximum
452 3205 480 3234 ne
500 3191 558 3248 plebs
580 3192 704 3247 tumultue-
744 3191 817 3235 tarium
829 3190 921 3249 reponit,
939 3207 966 3236 ex
978 3189 1021 3235 fide
1032 3190 1137 3236 librorum
1149 3192 1296 3248 Pergameae·

151 3270 198 3313 tur,
214 3256 251 3303 ubi
271 3258 420 3315 magistratum
441 3253 512 3315 aperte
531 3255 591 3312 uidet
604 3255 643 3316 jus
662 3255 704 3301 faf·
744 3268 817 3299 otum.
851 3256 1000 3318 Qamolrrem
1024 3253 1074 3300 verb
1095 3255 1171 3302 contri
1201 3254 1297 3301 auctoris

151 3320 306 3386 quepecuniae
318 3323 451 3380 postponere.
745 3329 844 3375 mentem
862 3319 904 3365 efi'e
924 3321 989 3376 dicar,
1006 3335 1050 3366 non
1069 3318 1148 3367 video:
1174 3320 1230 3366 mihi
1248 3319 1300 3378 qui-

92 3405 98 3425 ·.
183 3386 195 3416 ‘¹
205 3384 329 3447 continuit]
348 3387 393 3448 Qi
404 3386 433 3430 ita
444 3399 482 3443 pro
501 3392 597 3444 tempore
610 3392 631 3431 et
643 3399 705 3430 com·
746 3386 796 3435 dem
807 3385 879 3429 sensus
890 3384 922 3429 est
933 3385 990 3431 idem
999 3400 1006 3443 ς
1016 3399 1067 3430 nam
1081 3384 1179 3431 vindicio
1189 3385 1213 3430 in
1225 3385 1299 3429 animo

151 3454 219 3500 modo
228 3446 303 3495 virtuti
323 3450 406 3503 favent,
424 3449 455 3494 illi
466 3449 568 3495 omnium
580 3448 630 3496 funt
641 3448 706 3508 peffi-
746 3449 805 3501 sedet
816 3460 865 3496 ante
877 3449 1000 3508 victoriam,
1008 3446 1062 3512 'post
1078 3450 1192 3504 victoriam
1210 3463 1301 3496 exerce·

150 3516 195 3572 mi,
212 3525 235 3562 et
253 3512 382 3574 dequibus,
401 3513 415 3557 st
433 3511 488 3568 forti
507 3513 594 3560 fortuni
616 3514 715 3573 cogneis
747 3522 791 3573 tut.

152 3591 239 3633 eantur,
256 3578 352 3624 maxime
363 3576 517 3622 diffidendum.
778 3575 793 3615 k
812 3576 962 3643 Curatffmi]
979 3577 1067 3625 Scilicet
1095 3575 1199 3622 amicitiae
1217 3575 1267 3634 jure
1287 3572 1301 3621 it

152 3652 159 3667 ¹·
184 3654 197 3682 e
218 3639 368 3704 Dividam]
397 3643 474 3701 ltaque
494 3640 556 3698 regni
575 3641 707 3701 Hiempsalis
747 3642 1034 3703 quibusdamceremoniia,
1050 3650 1074 3685 et
1090 3640 1127 3699 qui
1145 3636 1223 3689 exteris
1233 3649 1255 3683 ct
1266 3637 1301 3697 ig·

152 3708 242 3758 dimidia
253 3722 300 3766 para
310 3706 333 3751 in
343 3706 439 3766 perfidiae
449 3706 566 3766 praemium
576 3707 706 3770 jugurthae,
747 3707 801 3752 notis
815 3707 940 3761 exhibetur,
958 3705 1114 3764 supervacaneo
1130 3704 1202 3758 cultu,
1218 3701 1301 3748 solutus

152 3772 219 3833 idque
237 3774 322 3818 decreto
345 3769 557 3826 fenatfrs,“obuenit.
592 3772 707 3835 Qantum
746 3779 807 3815 erate
827 3779 921 3819 attamen
941 3764 1076 3829 qubmagia
1098 3766 1215 3826 Opimium
1236 3767 1301 3812 fuum

152 3835 230 3894 nefas!
324 3846 342 3871 ·'
744 3833 827 3889 faceret
838 3844 901 3894 utque
913 3833 991 3893 (etiem
1003 3841 1029 3877 ut
1038 3829 1113 3877 decuit
1126 3845 1177 3891 erga
1193 3831 1304 3892 legatum}

187 3896 327 3963 menerba]
345 3897 490 3953 Hicmortis,
506 3904 529 3942 et
545 3897 620 3955 legum
636 3897 708 3947 Tibe·
745 3897 832 3945 nullum
844 3896 983 3955 praetermisit
994 3895 1109 3956 honorem.
1149 3942 1153 3947 ,

153 3969 181 4023 rii
195 3968 265 4014 fratria
280 3966 398 4011 acerrimus
415 3964 504 4018 vindex,
521 3961 573 4006 etim
589 3962 672 4020 plebem
684 3962 707 4007 in
779 3960 787 3997 l
804 3958 880 4022 Fida]
900 3961 937 4005 Est
951 3960 1025 4006 dativo
1041 3958 1101 4012 cafu,
1119 3973 1178 4015 more
1193 3967 1303 4004 veterum.

153 4035 221 4085 auitos
243 4046 303 4092 agens
324 4028 444 4085 arcelleret,
461 4028 492 4077 ,ab
511 4024 602 4087 Qpiurio
620 4026 708 4072 consule
746 4024 811 4081 forti
828 4024 895 4083 h'ujus
906 4025 936 4071 rei
956 4024 1090 4083 ignoratione
1107 4023 1133 4070 ab
1148 4023 1219 4082 aliquo
1237 4023 1303 4079 sciolo

155 4096 312 4160 oppteffusest.
481 4085 483 4093 Ι
545 4086 546 4090 ,
741 4088 935 4154 sandprosarnae
946 4087 1303 4153 politbmellffiuodtltsqueltssa

186 4157 319 4221 Helvia]
353 4158 375 4202 Is
393 4158 476 4217 collega
503 4152 609 4210 Gracchi,
625 4160 648 4198 et
670 4158 708 4197 ea·'
748 4153 949 4221 ptatimecprrepi,
1112 4166 1115 4171 ·
1212 4160 1217 4170 '

151 4231 235 4293 undem
254 4228 329 4285 legum
341 4222 437 4281 ali‘etttr,
453 4219 560 4271 unicum
572 4218 643 4273 illuab
660 4232 702 4277 cu·¹
