<?xml version="1.0" encoding="UTF-8"?>
<!DOCTYPE html PUBLIC "-//W3C//DTD XHTML 1.0 Transitional//EN"
    "http://www.w3.org/TR/xhtml1/DTD/xhtml1-transitional.dtd">
<html xmlns="http://www.w3.org/1999/xhtml" xml:lang="en" lang="en">
 <head>
  <title>
</title>
<meta http-equiv="Content-Type" content="text/html;charset=utf-8" />
  <meta name='ocr-system' content='tesseract 3.04.00' />
  <meta name='ocr-capabilities' content='ocr_page ocr_carea ocr_par ocr_line ocrx_word'/>
</head>
<body>
  <div class='ocr_page' id='page_1' title='image "./csallustiicrisp00sallgoog_0130.png"; bbox 0 0 2754 4914; ppageno 0'>
   <div class='ocr_carea' id='block_1_1' title="bbox 358 185 1267 338">
    <p class='ocr_par' dir='ltr' id='par_1_1' title="bbox 358 185 1267 338">
     <span class='ocr_line' id='line_1_1' title="bbox 358 185 1267 338; baseline -0.013 -23"><span class='ocrx_word' id='word_1_1' title='bbox 358 222 360 227; x_wconf 78' lang='grc'>’</span> <span class='ocrx_word' id='word_1_2' title='bbox 411 185 604 338; x_wconf 74' lang='lat' dir='ltr'>astion</span> <span class='ocrx_word' id='word_1_3' title='bbox 626 210 995 328; x_wconf 76' lang='lat' dir='ltr'>Juouurrnnun.</span> <span class='ocrx_word' id='word_1_4' title='bbox 1205 258 1267 331; x_wconf 56' lang='grc' dir='ltr'>ης</span> 
     </span>
    </p>
   </div>
   <div class='ocr_carea' id='block_1_2' title="bbox 107 370 1341 1228">
    <p class='ocr_par' dir='ltr' id='par_1_2' title="bbox 107 370 1341 1228">
     <span class='ocr_line' id='line_1_2' title="bbox 107 370 1341 459; baseline -0.003 -19"><span class='ocrx_word' id='word_1_5' title='bbox 107 370 202 440; x_wconf 83' lang='lat' dir='ltr'>¹rionri</span> <span class='ocrx_word' id='word_1_6' title='bbox 218 375 365 459; x_wconf 87' lang='lat' dir='ltr'>modicus,</span> <span class='ocrx_word' id='word_1_7' title='bbox 377 374 518 441; x_wconf 83' lang='lat' dir='ltr'>lubidinis</span> <span class='ocrx_word' id='word_1_8' title='bbox 529 375 733 439; x_wconf 84' lang='lat' dir='ltr'>etdivitiarum</span> <span class='ocrx_word' id='word_1_9' title='bbox 748 370 853 448; x_wconf 71' lang='lat' dir='ltr'>vidior,</span> <span class='ocrx_word' id='word_1_10' title='bbox 863 371 1071 439; x_wconf 86' lang='lat' dir='ltr'>tantummodo</span> <span class='ocrx_word' id='word_1_11' title='bbox 1085 372 1188 457; x_wconf 84' lang='lat' dir='ltr'>gloriae</span> <span class='ocrx_word' id='word_1_12' title='bbox 1202 376 1269 437; x_wconf 58' lang='lat' dir='ltr'>avi«</span> <span class='ocrx_word' id='word_1_13' title='bbox 1338 404 1341 413; x_wconf 90' lang='lat'>·</span> 
     </span>
     <span class='ocr_line' id='line_1_3' title="bbox 122 460 1267 543; baseline -0.001 -19"><span class='ocrx_word' id='word_1_14' title='bbox 122 466 187 524; x_wconf 86' lang='lat' dir='ltr'>dus.</span> <span class='ocrx_word' id='word_1_15' title='bbox 232 462 289 525; x_wconf 86' lang='lat' dir='ltr'>Sed</span> <span class='ocrx_word' id='word_1_16' title='bbox 306 464 331 524; x_wconf 91' lang='lat' dir='ltr'>is</span> <span class='ocrx_word' id='word_1_17' title='bbox 354 476 452 536; x_wconf 86' lang='lat' dir='ltr'>natus,</span> <span class='ocrx_word' id='word_1_18' title='bbox 474 482 598 524; x_wconf 67' lang='lat' dir='ltr'>ornnemv</span> <span class='ocrx_word' id='word_1_19' title='bbox 620 462 773 541; x_wconf 81' lang='lat' dir='ltr'>pueritiam</span> <span class='ocrx_word' id='word_1_20' title='bbox 789 470 802 497; x_wconf 78' lang='lat'><em>²</em></span> <span class='ocrx_word' id='word_1_21' title='bbox 818 461 925 543; x_wconf 86' lang='lat' dir='ltr'>Arpini</span> <span class='ocrx_word' id='word_1_22' title='bbox 950 461 1038 535; x_wconf 87' lang='lat' dir='ltr'>altus,</span> <span class='ocrx_word' id='word_1_23' title='bbox 1060 460 1110 522; x_wconf 91' lang='lat' dir='ltr'>ubi</span> <span class='ocrx_word' id='word_1_24' title='bbox 1134 460 1267 542; x_wconf 84' lang='lat' dir='ltr'>primirm</span> 
     </span>
     <span class='ocr_line' id='line_1_4' title="bbox 121 538 1267 629; baseline 0 -20"><span class='ocrx_word' id='word_1_25' title='bbox 121 564 193 610; x_wconf 84' lang='lat' dir='ltr'>aetas</span> <span class='ocrx_word' id='word_1_26' title='bbox 209 548 325 611; x_wconf 82' lang='lat' dir='ltr'>militiae</span> <span class='ocrx_word' id='word_1_27' title='bbox 339 549 451 629; x_wconf 88' lang='lat' dir='ltr'>patiens</span> <span class='ocrx_word' id='word_1_28' title='bbox 466 547 534 621; x_wconf 84' lang='lat' dir='ltr'>fuit,</span> <span class='ocrx_word' id='word_1_29' title='bbox 554 544 700 629; x_wconf 78' lang='lat' dir='ltr'>stipendiis</span> <span class='ocrx_word' id='word_1_30' title='bbox 717 545 873 621; x_wconf 87' lang='lat' dir='ltr'>faciundis,</span> <span class='ocrx_word' id='word_1_31' title='bbox 894 567 955 628; x_wconf 83' lang='lat' dir='ltr'>non</span> <span class='ocrx_word' id='word_1_32' title='bbox 972 538 1087 611; x_wconf 83' lang='lat' dir='ltr'>Graecai</span> <span class='ocrx_word' id='word_1_33' title='bbox 1113 545 1267 623; x_wconf 70' lang='lat' dir='ltr'>facundii,</span> 
     </span>
     <span class='ocr_line' id='line_1_5' title="bbox 121 628 1269 714; baseline -0.002 -19"><span class='ocrx_word' id='word_1_34' title='bbox 121 652 223 714; x_wconf 88' lang='lat' dir='ltr'>neque</span> <span class='ocrx_word' id='word_1_35' title='bbox 246 633 362 696; x_wconf 88' lang='lat' dir='ltr'>urbanis</span> <span class='ocrx_word' id='word_1_36' title='bbox 377 631 390 669; x_wconf 78' lang='lat'>¹²</span> <span class='ocrx_word' id='word_1_37' title='bbox 404 633 554 695; x_wconf 84' lang='lat' dir='ltr'>munditiis</span> <span class='ocrx_word' id='word_1_38' title='bbox 570 628 625 695; x_wconf 87' lang='lat' dir='ltr'>sese</span> <span class='ocrx_word' id='word_1_39' title='bbox 637 633 788 695; x_wconf 81' lang='lat' dir='ltr'>exercuit:</span> <span class='ocrx_word' id='word_1_40' title='bbox 812 630 852 693; x_wconf 84' lang='lat' dir='ltr'>ita</span> <span class='ocrx_word' id='word_1_41' title='bbox 867 634 944 694; x_wconf 87' lang='lat' dir='ltr'>inter</span> <span class='ocrx_word' id='word_1_42' title='bbox 955 647 1032 695; x_wconf 86' lang='lat' dir='ltr'>artes</span> <span class='ocrx_word' id='word_1_43' title='bbox 1055 631 1149 693; x_wconf 87' lang='lat' dir='ltr'>bonas</span> <span class='ocrx_word' id='word_1_44' title='bbox 1164 636 1173 662; x_wconf 89' lang='lat'>¹</span> <span class='ocrx_word' id='word_1_45' title='bbox 1189 637 1269 695; x_wconf 88' lang='lat' dir='ltr'>inte·</span> 
     </span>
     <span class='ocr_line' id='line_1_6' title="bbox 119 709 1267 802; baseline 0 -23"><span class='ocrx_word' id='word_1_46' title='bbox 119 740 209 800; x_wconf 87' lang='lat' dir='ltr'>grum</span> <span class='ocrx_word' id='word_1_47' title='bbox 226 718 377 802; x_wconf 84' lang='lat' dir='ltr'>ingenium</span> <span class='ocrx_word' id='word_1_48' title='bbox 393 709 472 781; x_wconf 73' lang='lat' dir='ltr'>breii</span> <span class='ocrx_word' id='word_1_49' title='bbox 487 718 624 783; x_wconf 83' lang='lat' dir='ltr'>adolevit.</span> <span class='ocrx_word' id='word_1_50' title='bbox 667 716 752 799; x_wconf 76' lang='lat' dir='ltr'>Ergo</span> <span class='ocrx_word' id='word_1_51' title='bbox 767 714 817 779; x_wconf 89' lang='lat' dir='ltr'>ubi</span> <span class='ocrx_word' id='word_1_52' title='bbox 833 715 962 799; x_wconf 77' lang='lat' dir='ltr'>primaint</span> <span class='ocrx_word' id='word_1_53' title='bbox 981 717 1162 778; x_wconf 87' lang='lat' dir='ltr'>tribunatum</span> <span class='ocrx_word' id='word_1_54' title='bbox 1185 717 1267 781; x_wconf 86' lang='lat' dir='ltr'>mili·</span> 
     </span>
     <span class='ocr_line' id='line_1_7' title="bbox 123 799 1267 887; baseline 0.003 -26"><span class='ocrx_word' id='word_1_55' title='bbox 123 817 187 864; x_wconf 90' lang='lat' dir='ltr'>turn</span> <span class='ocrx_word' id='word_1_56' title='bbox 204 802 221 864; x_wconf 84' lang='lat' dir='ltr'>ai</span> <span class='ocrx_word' id='word_1_57' title='bbox 235 803 343 884; x_wconf 91' lang='lat' dir='ltr'>populo</span> <span class='ocrx_word' id='word_1_58' title='bbox 357 803 440 883; x_wconf 88' lang='lat' dir='ltr'>petit,</span> <span class='ocrx_word' id='word_1_59' title='bbox 451 802 593 887; x_wconf 90' lang='lat' dir='ltr'>plerisque</span> <span class='ocrx_word' id='word_1_60' title='bbox 608 802 714 865; x_wconf 83' lang='lat' dir='ltr'>faciem</span> <span class='ocrx_word' id='word_1_61' title='bbox 726 802 789 886; x_wconf 86' lang='lat' dir='ltr'>ejus</span> <span class='ocrx_word' id='word_1_62' title='bbox 800 802 1017 882; x_wconf 81' lang='lat' dir='ltr'>ignorantibus,</span> <span class='ocrx_word' id='word_1_63' title='bbox 1029 799 1127 879; x_wconf 79' lang='lat' dir='ltr'>facile,</span> <span class='ocrx_word' id='word_1_64' title='bbox 1138 805 1152 833; x_wconf 87' lang='lat'><em>²</em></span> <span class='ocrx_word' id='word_1_65' title='bbox 1164 819 1267 880; x_wconf 89' lang='lat' dir='ltr'>notus,</span> 
     </span>
     <span class='ocr_line' id='line_1_8' title="bbox 122 885 1267 971; baseline 0.003 -23"><span class='ocrx_word' id='word_1_66' title='bbox 122 908 174 967; x_wconf 87' lang='lat' dir='ltr'>per</span> <span class='ocrx_word' id='word_1_67' title='bbox 188 909 289 949; x_wconf 89' lang='lat' dir='ltr'>omnes</span> <span class='ocrx_word' id='word_1_68' title='bbox 304 888 396 951; x_wconf 87' lang='lat' dir='ltr'>tribus</span> <span class='ocrx_word' id='word_1_69' title='bbox 410 889 585 951; x_wconf 81' lang='lat' dir='ltr'>declaratur.</span> <span class='ocrx_word' id='word_1_70' title='bbox 607 887 727 959; x_wconf 82' lang='lat' dir='ltr'>Deinde</span> <span class='ocrx_word' id='word_1_71' title='bbox 741 888 777 948; x_wconf 92' lang='lat' dir='ltr'>ab</span> <span class='ocrx_word' id='word_1_72' title='bbox 792 906 829 947; x_wconf 93' lang='lat' dir='ltr'>eo</span> <span class='ocrx_word' id='word_1_73' title='bbox 845 885 1028 971; x_wconf 86' lang='lat' dir='ltr'>magistratu,</span> <span class='ocrx_word' id='word_1_74' title='bbox 1043 886 1135 961; x_wconf 82' lang='lat' dir='ltr'>alium</span> <span class='ocrx_word' id='word_1_75' title='bbox 1153 887 1216 969; x_wconf 90' lang='lat' dir='ltr'>post</span> <span class='ocrx_word' id='word_1_76' title='bbox 1230 910 1267 951; x_wconf 91' lang='lat' dir='ltr'>a-</span> 
     </span>
     <span class='ocr_line' id='line_1_9' title="bbox 121 963 1268 1056; baseline 0.003 -23"><span class='ocrx_word' id='word_1_77' title='bbox 121 972 194 1034; x_wconf 88' lang='lat' dir='ltr'>lium</span> <span class='ocrx_word' id='word_1_78' title='bbox 220 973 271 1035; x_wconf 84' lang='lat' dir='ltr'>sibi</span> <span class='ocrx_word' id='word_1_79' title='bbox 296 977 428 1055; x_wconf 84' lang='lat' dir='ltr'>peperit:</span> <span class='ocrx_word' id='word_1_80' title='bbox 452 974 625 1055; x_wconf 87' lang='lat' dir='ltr'>semperque</span> <span class='ocrx_word' id='word_1_81' title='bbox 639 974 671 1035; x_wconf 90' lang='lat' dir='ltr'>in</span> <span class='ocrx_word' id='word_1_82' title='bbox 686 970 876 1054; x_wconf 86' lang='lat' dir='ltr'>potestatibus</span> <span class='ocrx_word' id='word_1_83' title='bbox 900 994 937 1034; x_wconf 89' lang='lat' dir='ltr'>eo</span> <span class='ocrx_word' id='word_1_84' title='bbox 953 963 1211 1056; x_wconf 58' lang='lat' dir='ltr'>modo‘agnabaq</span> <span class='ocrx_word' id='word_1_85' title='bbox 1233 989 1268 1036; x_wconf 89' lang='lat' dir='ltr'>ut</span> 
     </span>
     <span class='ocr_line' id='line_1_10' title="bbox 121 1056 1269 1142; baseline 0.004 -24"><span class='ocrx_word' id='word_1_86' title='bbox 121 1058 275 1139; x_wconf 89' lang='lat' dir='ltr'>ampliore,</span> <span class='ocrx_word' id='word_1_87' title='bbox 292 1060 382 1140; x_wconf 77' lang='lat' dir='ltr'>quam</span> <span class='ocrx_word' id='word_1_88' title='bbox 397 1059 528 1142; x_wconf 85' lang='lat' dir='ltr'>gerebat,</span> <span class='ocrx_word' id='word_1_89' title='bbox 550 1058 659 1141; x_wconf 87' lang='lat' dir='ltr'>dignus</span> <span class='ocrx_word' id='word_1_90' title='bbox 674 1060 839 1121; x_wconf 89' lang='lat' dir='ltr'>haberetur.</span> <span class='ocrx_word' id='word_1_91' title='bbox 863 1056 1003 1121; x_wconf 86' lang='lat' dir='ltr'>·Tamen</span> <span class='ocrx_word' id='word_1_92' title='bbox 1019 1057 1043 1119; x_wconf 90' lang='lat' dir='ltr'>is</span> <span class='ocrx_word' id='word_1_93' title='bbox 1059 1058 1071 1094; x_wconf 82' lang='lat'><strong>³</strong></span> <span class='ocrx_word' id='word_1_94' title='bbox 1087 1059 1122 1119; x_wconf 83' lang='lat' dir='ltr'>ad</span> <span class='ocrx_word' id='word_1_95' title='bbox 1138 1058 1166 1119; x_wconf 93' lang='lat' dir='ltr'>id</span> <span class='ocrx_word' id='word_1_96' title='bbox 1182 1059 1269 1123; x_wconf 86' lang='lat' dir='ltr'>loco·</span> 
     </span>
     <span class='ocr_line' id='line_1_11' title="bbox 120 1140 1333 1228; baseline 0.006 -26"><span class='ocrx_word' id='word_1_97' title='bbox 120 1163 187 1204; x_wconf 93' lang='lat' dir='ltr'>rum</span> <span class='ocrx_word' id='word_1_98' title='bbox 203 1143 268 1205; x_wconf 85' lang='lat' dir='ltr'>talis</span> <span class='ocrx_word' id='word_1_99' title='bbox 285 1144 329 1206; x_wconf 87' lang='lat' dir='ltr'>vir</span> <span class='ocrx_word' id='word_1_100' title='bbox 345 1147 430 1228; x_wconf 88' lang='lat' dir='ltr'>(nam</span> <span class='ocrx_word' id='word_1_101' title='bbox 447 1141 544 1225; x_wconf 78' lang='lat' dir='ltr'>postei</span> <span class='ocrx_word' id='word_1_102' title='bbox 566 1143 727 1208; x_wconf 80' lang='lat' dir='ltr'>ambitione</span> <span class='ocrx_word' id='word_1_103' title='bbox 749 1144 879 1223; x_wconf 67' lang='lat' dir='ltr'>praecsps</span> <span class='ocrx_word' id='word_1_104' title='bbox 900 1144 990 1205; x_wconf 81' lang='lat' dir='ltr'>datus</span> <span class='ocrx_word' id='word_1_105' title='bbox 1005 1140 1063 1222; x_wconf 88' lang='lat' dir='ltr'>est)</span> <span class='ocrx_word' id='word_1_106' title='bbox 1081 1142 1270 1211; x_wconf 83' lang='lat' dir='ltr'>consulatum</span> <span class='ocrx_word' id='word_1_107' title='bbox 1331 1195 1333 1209; x_wconf 90' lang='lat'>.</span> 
     </span>
    </p>
   </div>
   <div class='ocr_carea' id='block_1_3' title="bbox 17 1222 1334 1312">
    <p class='ocr_par' dir='ltr' id='par_1_3' title="bbox 17 1222 1334 1312">
     <span class='ocr_line' id='line_1_12' title="bbox 17 1222 1334 1312; baseline 0.001 -23"><span class='ocrx_word' id='word_1_108' title='bbox 17 1270 24 1283; x_wconf 82' lang='lat'><strong>·</strong></span> <span class='ocrx_word' id='word_1_109' title='bbox 119 1222 255 1310; x_wconf 77' lang='lat' dir='ltr'>appetere</span> <span class='ocrx_word' id='word_1_110' title='bbox 271 1250 330 1290; x_wconf 91' lang='lat' dir='ltr'>non</span> <span class='ocrx_word' id='word_1_111' title='bbox 347 1229 482 1291; x_wconf 84' lang='lat' dir='ltr'>audebat.</span> <span class='ocrx_word' id='word_1_112' title='bbox 520 1228 627 1298; x_wconf 75' lang='lat' dir='ltr'>Etiam</span> <span class='ocrx_word' id='word_1_113' title='bbox 640 1240 709 1293; x_wconf 82' lang='lat' dir='ltr'>&#39;tum</span> <span class='ocrx_word' id='word_1_114' title='bbox 726 1229 798 1291; x_wconf 84' lang='lat' dir='ltr'>alios</span> <span class='ocrx_word' id='word_1_115' title='bbox 814 1224 996 1312; x_wconf 82' lang='lat' dir='ltr'>magistratus</span> <span class='ocrx_word' id='word_1_116' title='bbox 1024 1228 1138 1309; x_wconf 84' lang='lat' dir='ltr'>plebes,</span> <span class='ocrx_word' id='word_1_117' title='bbox 1158 1230 1268 1291; x_wconf 87' lang='lat' dir='ltr'>consu·</span> <span class='ocrx_word' id='word_1_118' title='bbox 1331 1284 1334 1290; x_wconf 84' lang='grc'><strong>.</strong></span> 
     </span>
    </p>
   </div>
   <div class='ocr_carea' id='block_1_4' title="bbox 35 1308 1278 2080">
    <p class='ocr_par' dir='ltr' id='par_1_4' title="bbox 120 1308 1271 1483">
     <span class='ocr_line' id='line_1_13' title="bbox 120 1308 1269 1397; baseline 0.002 -22"><span class='ocrx_word' id='word_1_119' title='bbox 120 1313 213 1377; x_wconf 88' lang='lat' dir='ltr'>latum</span> <span class='ocrx_word' id='word_1_120' title='bbox 231 1314 368 1376; x_wconf 83' lang='lat' dir='ltr'>nobilitas</span> <span class='ocrx_word' id='word_1_121' title='bbox 384 1315 459 1377; x_wconf 92' lang='lat' dir='ltr'>inter</span> <span class='ocrx_word' id='word_1_122' title='bbox 475 1315 501 1376; x_wconf 90' lang='lat' dir='ltr'>se</span> <span class='ocrx_word' id='word_1_123' title='bbox 516 1327 527 1353; x_wconf 76' lang='lat'><strong><em>⁶</em></strong></span> <span class='ocrx_word' id='word_1_124' title='bbox 543 1336 594 1397; x_wconf 87' lang='lat' dir='ltr'>per</span> <span class='ocrx_word' id='word_1_125' title='bbox 611 1333 714 1377; x_wconf 87' lang='lat' dir='ltr'>manus</span> <span class='ocrx_word' id='word_1_126' title='bbox 730 1315 870 1376; x_wconf 84' lang='lat' dir='ltr'>tradebat.</span> <span class='ocrx_word' id='word_1_127' title='bbox 900 1308 1009 1377; x_wconf 88' lang='lat' dir='ltr'>Novus</span> <span class='ocrx_word' id='word_1_128' title='bbox 1024 1334 1113 1382; x_wconf 84' lang='lat' dir='ltr'>nemo</span> <span class='ocrx_word' id='word_1_129' title='bbox 1128 1329 1188 1377; x_wconf 87' lang='lat' dir='ltr'>tarn</span> <span class='ocrx_word' id='word_1_130' title='bbox 1204 1315 1269 1377; x_wconf 85' lang='lat' dir='ltr'>cla·</span> 
     </span>
     <span class='ocr_line' id='line_1_14' title="bbox 121 1397 1271 1483; baseline 0.004 -23"><span class='ocrx_word' id='word_1_131' title='bbox 121 1420 187 1473; x_wconf 92' lang='lat' dir='ltr'>rus,</span> <span class='ocrx_word' id='word_1_132' title='bbox 212 1421 307 1479; x_wconf 90' lang='lat' dir='ltr'>neque</span> <span class='ocrx_word' id='word_1_133' title='bbox 323 1416 383 1462; x_wconf 88' lang='lat' dir='ltr'>tam</span> <span class='ocrx_word' id='word_1_134' title='bbox 400 1402 535 1482; x_wconf 83' lang='lat' dir='ltr'>egregius</span> <span class='ocrx_word' id='word_1_135' title='bbox 549 1400 635 1464; x_wconf 72' lang='lat' dir='ltr'>fatris</span> <span class='ocrx_word' id='word_1_136' title='bbox 649 1415 723 1478; x_wconf 89' lang='lat' dir='ltr'>erat,</span> <span class='ocrx_word' id='word_1_137' title='bbox 745 1401 817 1483; x_wconf 91' lang='lat' dir='ltr'>quin</span> <span class='ocrx_word' id='word_1_138' title='bbox 833 1400 856 1461; x_wconf 88' lang='lat' dir='ltr'>is</span> <span class='ocrx_word' id='word_1_139' title='bbox 873 1397 1013 1481; x_wconf 85' lang='lat' dir='ltr'>indignus</span> <span class='ocrx_word' id='word_1_140' title='bbox 1028 1397 1079 1460; x_wconf 91' lang='lat' dir='ltr'>illo</span> <span class='ocrx_word' id='word_1_141' title='bbox 1093 1398 1217 1476; x_wconf 88' lang='lat' dir='ltr'>honore,</span> <span class='ocrx_word' id='word_1_142' title='bbox 1239 1416 1271 1465; x_wconf 91' lang='lat' dir='ltr'>et</span> 
     </span>
    </p>

    <p class='ocr_par' dir='ltr' id='par_1_5' title="bbox 35 1480 1278 2080">
     <span class='ocr_line' id='line_1_15' title="bbox 122 1480 1271 1570; baseline 0.006 -26"><span class='ocrx_word' id='word_1_143' title='bbox 122 1483 206 1563; x_wconf 85' lang='lat' dir='ltr'>quasi</span> <span class='ocrx_word' id='word_1_144' title='bbox 221 1485 349 1564; x_wconf 86' lang='lat' dir='ltr'>pollutus</span> <span class='ocrx_word' id='word_1_145' title='bbox 364 1485 527 1548; x_wconf 89' lang='lat' dir='ltr'>haberetur.</span> <span class='ocrx_word' id='word_1_146' title='bbox 571 1482 678 1570; x_wconf 82' lang='lat' dir='ltr'>igitur,¹</span> <span class='ocrx_word' id='word_1_147' title='bbox 699 1488 750 1548; x_wconf 91' lang='lat' dir='ltr'>ubi</span> <span class='ocrx_word' id='word_1_148' title='bbox 767 1483 884 1547; x_wconf 87' lang='lat' dir='ltr'>Marius</span> <span class='ocrx_word' id='word_1_149' title='bbox 899 1481 1057 1563; x_wconf 81' lang='lat' dir='ltr'>haruspicis</span> <span class='ocrx_word' id='word_1_150' title='bbox 1072 1480 1150 1547; x_wconf 69' lang='lat' dir='ltr'>disin</span> <span class='ocrx_word' id='word_1_151' title='bbox 1163 1487 1271 1551; x_wconf 84' lang='lat' dir='ltr'>ebdet&#39;n</span> 
     </span>
     <span class='ocr_line' id='line_1_16' title="bbox 35 1556 1278 1654; baseline 0.004 -24"><span class='ocrx_word' id='word_1_152' title='bbox 35 1556 50 1583; x_wconf 82' lang='lat'>&#39;&#39;</span> <span class='ocrx_word' id='word_1_153' title='bbox 121 1569 273 1632; x_wconf 86' lang='lat' dir='ltr'>intendere</span> <span class='ocrx_word' id='word_1_154' title='bbox 289 1570 381 1645; x_wconf 91' lang='lat' dir='ltr'>videt,</span> <span class='ocrx_word' id='word_1_155' title='bbox 403 1571 465 1652; x_wconf 78' lang='lat' dir='ltr'>quo</span> <span class='ocrx_word' id='word_1_156' title='bbox 489 1571 597 1652; x_wconf 86' lang='lat' dir='ltr'>cupido</span> <span class='ocrx_word' id='word_1_157' title='bbox 611 1573 702 1633; x_wconf 91' lang='lat' dir='ltr'>animi</span> <span class='ocrx_word' id='word_1_158' title='bbox 720 1570 903 1647; x_wconf 86' lang='lat' dir='ltr'>hortabatur,</span> <span class='ocrx_word' id='word_1_159' title='bbox 925 1571 962 1631; x_wconf 90' lang='lat' dir='ltr'>ab</span> <span class='ocrx_word' id='word_1_160' title='bbox 975 1566 1105 1632; x_wconf 91' lang='lat' dir='ltr'>Metello</span> <span class='ocrx_word' id='word_1_161' title='bbox 1119 1567 1131 1605; x_wconf 81' lang='lat'>‘¹</span> <span class='ocrx_word' id='word_1_162' title='bbox 1147 1573 1278 1654; x_wconf 64' lang='lat' dir='ltr'>petundi.</span> 
     </span>
     <span class='ocr_line' id='line_1_17' title="bbox 116 1652 1271 1741; baseline 0.003 -27"><span class='ocrx_word' id='word_1_163' title='bbox 116 1655 216 1736; x_wconf 75' lang='lat' dir='ltr'>gratiri</span> <span class='ocrx_word' id='word_1_164' title='bbox 242 1657 403 1718; x_wconf 78' lang='lat' dir='ltr'>missionem</span> <span class='ocrx_word' id='word_1_165' title='bbox 427 1672 533 1741; x_wconf 87' lang='lat' dir='ltr'>rogat:</span> <span class='ocrx_word' id='word_1_166' title='bbox 556 1658 604 1719; x_wconf 85' lang='lat' dir='ltr'>cui</span> <span class='ocrx_word' id='word_1_167' title='bbox 630 1677 815 1740; x_wconf 90' lang='lat' dir='ltr'>quamquam</span> <span class='ocrx_word' id='word_1_168' title='bbox 843 1657 947 1731; x_wconf 88' lang='lat' dir='ltr'>virtus,</span> <span class='ocrx_word' id='word_1_169' title='bbox 969 1652 1076 1736; x_wconf 84' lang='lat' dir='ltr'>gloria,</span> <span class='ocrx_word' id='word_1_170' title='bbox 1098 1668 1188 1736; x_wconf 88' lang='lat' dir='ltr'>atque</span> <span class='ocrx_word' id='word_1_171' title='bbox 1212 1658 1271 1725; x_wconf 82' lang='lat' dir='ltr'>alia</span> 
     </span>
     <span class='ocr_line' id='line_1_18' title="bbox 119 1738 1270 1823; baseline 0.003 -23"><span class='ocrx_word' id='word_1_172' title='bbox 119 1740 249 1821; x_wconf 86' lang='lat' dir='ltr'>optanda</span> <span class='ocrx_word' id='word_1_173' title='bbox 265 1742 349 1803; x_wconf 88' lang='lat' dir='ltr'>bonis</span> <span class='ocrx_word' id='word_1_174' title='bbox 365 1742 576 1823; x_wconf 85' lang='lat' dir='ltr'>⁴superabant,</span> <span class='ocrx_word' id='word_1_175' title='bbox 599 1760 697 1805; x_wconf 90' lang='lat' dir='ltr'>tamen</span> <span class='ocrx_word' id='word_1_176' title='bbox 714 1744 808 1803; x_wconf 88' lang='lat' dir='ltr'>inerat</span> <span class='ocrx_word' id='word_1_177' title='bbox 824 1755 1011 1822; x_wconf 84' lang='lat' dir='ltr'>contemptor</span> <span class='ocrx_word' id='word_1_178' title='bbox 1026 1738 1154 1816; x_wconf 89' lang='lat' dir='ltr'>animus,</span> <span class='ocrx_word' id='word_1_179' title='bbox 1176 1755 1206 1802; x_wconf 91' lang='lat' dir='ltr'>et</span> <span class='ocrx_word' id='word_1_180' title='bbox 1221 1743 1270 1804; x_wconf 89' lang='lat' dir='ltr'>su·</span> 
     </span>
     <span class='ocr_line' id='line_1_19' title="bbox 121 1822 1271 1914; baseline 0.003 -27"><span class='ocrx_word' id='word_1_181' title='bbox 121 1826 232 1906; x_wconf 87' lang='lat' dir='ltr'>perbia,</span> <span class='ocrx_word' id='word_1_182' title='bbox 255 1827 618 1907; x_wconf 76' lang='lat' dir='ltr'>ecommunenohilitatis</span> <span class='ocrx_word' id='word_1_183' title='bbox 644 1828 779 1914; x_wconf 52' lang='lat' dir='ltr'>malurn.x</span> <span class='ocrx_word' id='word_1_184' title='bbox 809 1824 916 1909; x_wconf 88' lang='lat' dir='ltr'>Itaque</span> <span class='ocrx_word' id='word_1_185' title='bbox 940 1822 1069 1905; x_wconf 84' lang='lat' dir='ltr'>primirm</span> <span class='ocrx_word' id='word_1_186' title='bbox 1097 1841 1271 1893; x_wconf 84' lang='lat' dir='ltr'>commotus</span> 
     </span>
     <span class='ocr_line' id='line_1_20' title="bbox 119 1910 1269 1996; baseline 0.003 -24"><span class='ocrx_word' id='word_1_187' title='bbox 119 1912 150 1972; x_wconf 92' lang='lat' dir='ltr'>in</span> <span class='ocrx_word' id='word_1_188' title='bbox 176 1911 261 1974; x_wconf 76' lang='lat' dir='ltr'>soliti</span> <span class='ocrx_word' id='word_1_189' title='bbox 277 1934 316 1987; x_wconf 90' lang='lat' dir='ltr'>re,</span> <span class='ocrx_word' id='word_1_190' title='bbox 338 1914 437 1975; x_wconf 87' lang='lat' dir='ltr'>mirari</span> <span class='ocrx_word' id='word_1_191' title='bbox 451 1915 515 1996; x_wconf 88' lang='lat' dir='ltr'>ejus</span> <span class='ocrx_word' id='word_1_192' title='bbox 538 1911 703 1987; x_wconf 84' lang='lat' dir='ltr'>confilium,</span> <span class='ocrx_word' id='word_1_193' title='bbox 724 1927 755 1974; x_wconf 90' lang='lat' dir='ltr'>et</span> <span class='ocrx_word' id='word_1_194' title='bbox 769 1911 849 1993; x_wconf 82' lang='lat' dir='ltr'>quasi</span> <span class='ocrx_word' id='word_1_195' title='bbox 865 1933 917 1993; x_wconf 91' lang='lat' dir='ltr'>per</span> <span class='ocrx_word' id='word_1_196' title='bbox 945 1910 1109 1973; x_wconf 85' lang='lat' dir='ltr'>amicitiam</span> <span class='ocrx_word' id='word_1_197' title='bbox 1134 1933 1269 1988; x_wconf 89' lang='lat' dir='ltr'>monere,</span> 
     </span>
     <span class='ocr_line' id='line_1_21' title="bbox 119 1993 1269 2080; baseline 0.005 -25"><span class='ocrx_word' id='word_1_198' title='bbox 119 2016 158 2065; x_wconf 87' lang='lat' dir='ltr'>ne</span> <span class='ocrx_word' id='word_1_199' title='bbox 187 2012 249 2059; x_wconf 87' lang='lat' dir='ltr'>tam</span> <span class='ocrx_word' id='word_1_200' title='bbox 267 1996 277 2034; x_wconf 69' lang='lat' dir='ltr'>f</span> <span class='ocrx_word' id='word_1_201' title='bbox 293 2019 382 2077; x_wconf 87' lang='lat' dir='ltr'>prava</span> <span class='ocrx_word' id='word_1_202' title='bbox 410 1997 567 2078; x_wconf 83' lang='lat' dir='ltr'>inciperet,</span> <span class='ocrx_word' id='word_1_203' title='bbox 590 2019 648 2060; x_wconf 92' lang='lat' dir='ltr'>neu</span> <span class='ocrx_word' id='word_1_204' title='bbox 679 1993 763 2078; x_wconf 86' lang='lat' dir='ltr'>super</span> <span class='ocrx_word' id='word_1_205' title='bbox 791 1998 940 2061; x_wconf 83' lang='lat' dir='ltr'>fortunam</span> <span class='ocrx_word' id='word_1_206' title='bbox 970 1996 1102 2078; x_wconf 89' lang='lat' dir='ltr'>animum</span> <span class='ocrx_word' id='word_1_207' title='bbox 1135 2016 1269 2080; x_wconf 83' lang='lat' dir='ltr'>gereret:</span> 
     </span>
    </p>
   </div>
   <div class='ocr_carea' id='block_1_5' title="bbox 22 2078 1268 2166">
    <p class='ocr_par' dir='ltr' id='par_1_6' title="bbox 22 2078 1268 2166">
     <span class='ocr_line' id='line_1_22' title="bbox 22 2078 1268 2166; baseline 0.01 -28"><span class='ocrx_word' id='word_1_208' title='bbox 22 2123 25 2129; x_wconf 53' lang='grc'>,</span> <span class='ocrx_word' id='word_1_209' title='bbox 117 2100 173 2142; x_wconf 86' lang='lat' dir='ltr'>non</span> <span class='ocrx_word' id='word_1_210' title='bbox 200 2083 289 2145; x_wconf 85' lang='lat' dir='ltr'>omnia</span> <span class='ocrx_word' id='word_1_211' title='bbox 317 2083 438 2146; x_wconf 79' lang='lat' dir='ltr'>omnibus</span> <span class='ocrx_word' id='word_1_212' title='bbox 462 2082 594 2166; x_wconf 80' lang='lat' dir='ltr'>cupienda</span> <span class='ocrx_word' id='word_1_213' title='bbox 616 2081 689 2166; x_wconf 80' lang='lat' dir='ltr'>effi:</span> <span class='ocrx_word' id='word_1_214' title='bbox 712 2082 817 2145; x_wconf 89' lang='lat' dir='ltr'>debere</span> <span class='ocrx_word' id='word_1_215' title='bbox 834 2083 876 2145; x_wconf 91' lang='lat' dir='ltr'>illi</span> <span class='ocrx_word' id='word_1_216' title='bbox 891 2102 938 2145; x_wconf 90' lang='lat' dir='ltr'>res</span> <span class='ocrx_word' id='word_1_217' title='bbox 953 2080 1017 2144; x_wconf 87' lang='lat' dir='ltr'>suas</span> <span class='ocrx_word' id='word_1_218' title='bbox 1041 2078 1109 2145; x_wconf 86' lang='lat' dir='ltr'>satis</span> <span class='ocrx_word' id='word_1_219' title='bbox 1134 2082 1268 2165; x_wconf 87' lang='lat' dir='ltr'>placere:</span> 
     </span>
    </p>
   </div>
   <div class='ocr_carea' id='block_1_6' title="bbox 531 2265 854 2312">
    <p class='ocr_par' dir='ltr' id='par_1_7' title="bbox 531 2265 854 2312">
     <span class='ocr_line' id='line_1_23' title="bbox 531 2265 854 2312; baseline 0.003 -1"><span class='ocrx_word' id='word_1_220' title='bbox 531 2265 572 2311; x_wconf 85' lang='lat' dir='ltr'>IN</span> <span class='ocrx_word' id='word_1_221' title='bbox 576 2265 854 2312; x_wconf 77' lang='lat' dir='ltr'><strong>TERPRETATIO·</strong></span> 
     </span>
    </p>
   </div>
   <div class='ocr_carea' id='block_1_7' title="bbox 26 2374 1356 3149">
    <p class='ocr_par' dir='ltr' id='par_1_8' title="bbox 26 2374 1356 3149">
     <span class='ocr_line' id='line_1_24' title="bbox 164 2374 1275 2465; baseline 0.003 -27"><span class='ocrx_word' id='word_1_222' title='bbox 164 2374 240 2439; x_wconf 85' lang='lat' dir='ltr'>&#39;Ita</span> <span class='ocrx_word' id='word_1_223' title='bbox 254 2376 393 2460; x_wconf 80' lang='lat' dir='ltr'>ingenium</span> <span class='ocrx_word' id='word_1_224' title='bbox 408 2376 595 2464; x_wconf 84' lang='lat' dir='ltr'>incorruptum</span> <span class='ocrx_word' id='word_1_225' title='bbox 610 2379 674 2441; x_wconf 84' lang='lat' dir='ltr'>bre·</span> <span class='ocrx_word' id='word_1_226' title='bbox 712 2386 817 2465; x_wconf 73' lang='lat' dir='ltr'>tropis</span> <span class='ocrx_word' id='word_1_227' title='bbox 841 2376 906 2440; x_wconf 65' lang='lat' dir='ltr'>nti</span> <span class='ocrx_word' id='word_1_228' title='bbox 934 2377 1040 2455; x_wconf 76' lang='lat' dir='ltr'>clarus,</span> <span class='ocrx_word' id='word_1_229' title='bbox 1075 2383 1158 2463; x_wconf 85' lang='lat' dir='ltr'>(nam</span> <span class='ocrx_word' id='word_1_230' title='bbox 1180 2394 1213 2461; x_wconf 80' lang='lat' dir='ltr'>po</span> <span class='ocrx_word' id='word_1_231' title='bbox 1235 2377 1275 2441; x_wconf 77' lang='lat' dir='ltr'>ni·</span> 
     </span>
     <span class='ocr_line' id='line_1_25' title="bbox 47 2458 1271 2550; baseline 0.004 -28"><span class='ocrx_word' id='word_1_232' title='bbox 47 2482 50 2487; x_wconf 58' lang='lat'><strong>⁴</strong></span> <span class='ocrx_word' id='word_1_233' title='bbox 118 2458 153 2536; x_wconf 73' lang='lat' dir='ltr'>ni</span> <span class='ocrx_word' id='word_1_234' title='bbox 167 2463 285 2526; x_wconf 72' lang='lat' dir='ltr'>adolevit</span> <span class='ocrx_word' id='word_1_235' title='bbox 301 2462 374 2526; x_wconf 88' lang='lat' dir='ltr'>inter</span> <span class='ocrx_word' id='word_1_236' title='bbox 389 2481 466 2527; x_wconf 84' lang='lat' dir='ltr'>artes</span> <span class='ocrx_word' id='word_1_237' title='bbox 479 2467 570 2527; x_wconf 80' lang='lat' dir='ltr'>bonas.</span> <span class='ocrx_word' id='word_1_238' title='bbox 712 2463 858 2528; x_wconf 80' lang='lat' dir='ltr'>ambitione</span> <span class='ocrx_word' id='word_1_239' title='bbox 870 2462 953 2547; x_wconf 81' lang='lat' dir='ltr'>ploni</span> <span class='ocrx_word' id='word_1_240' title='bbox 974 2479 1118 2549; x_wconf 84' lang='lat' dir='ltr'>corruptus</span> <span class='ocrx_word' id='word_1_241' title='bbox 1144 2466 1197 2550; x_wconf 68' lang='lat' dir='ltr'>gli)</span> <span class='ocrx_word' id='word_1_242' title='bbox 1218 2486 1271 2527; x_wconf 82' lang='lat' dir='ltr'>non</span> 
     </span>
     <span class='ocr_line' id='line_1_26' title="bbox 98 2547 1155 2634; baseline 0 -24"><span class='ocrx_word' id='word_1_243' title='bbox 98 2622 101 2627; x_wconf 13' lang='grc' dir='ltr'><strong><em>ν</em></strong></span> <span class='ocrx_word' id='word_1_244' title='bbox 162 2547 287 2632; x_wconf 53' lang='lat' dir='ltr'>&#39;Erga</span> <span class='ocrx_word' id='word_1_245' title='bbox 321 2551 369 2611; x_wconf 80' lang='lat' dir='ltr'>ubi</span> <span class='ocrx_word' id='word_1_246' title='bbox 386 2550 509 2633; x_wconf 77' lang='lat' dir='ltr'>primim</span> <span class='ocrx_word' id='word_1_247' title='bbox 527 2549 599 2634; x_wconf 81' lang='lat' dir='ltr'>petit</span> <span class='ocrx_word' id='word_1_248' title='bbox 617 2549 674 2611; x_wconf 81' lang='lat' dir='ltr'>tri·</span> <span class='ocrx_word' id='word_1_249' title='bbox 713 2551 831 2612; x_wconf 82' lang='lat' dir='ltr'>audebat</span> <span class='ocrx_word' id='word_1_250' title='bbox 844 2562 968 2633; x_wconf 80' lang='lat' dir='ltr'>appetere</span> <span class='ocrx_word' id='word_1_251' title='bbox 983 2551 1155 2633; x_wconf 49' lang='lat' dir='ltr'>comulatam.</span> 
     </span>
     <span class='ocr_line' id='line_1_27' title="bbox 119 2631 1289 2719; baseline -0.002 -27"><span class='ocrx_word' id='word_1_252' title='bbox 119 2633 250 2696; x_wconf 77' lang='lat' dir='ltr'>duantum</span> <span class='ocrx_word' id='word_1_253' title='bbox 271 2633 391 2697; x_wconf 83' lang='lat' dir='ltr'>miiitum</span> <span class='ocrx_word' id='word_1_254' title='bbox 411 2635 430 2695; x_wconf 81' lang='lat' dir='ltr'>ci</span> <span class='ocrx_word' id='word_1_255' title='bbox 447 2635 553 2719; x_wconf 80' lang='lat' dir='ltr'>populo,</span> <span class='ocrx_word' id='word_1_256' title='bbox 575 2659 674 2716; x_wconf 80' lang='lat' dir='ltr'>quoni-</span> <span class='ocrx_word' id='word_1_257' title='bbox 757 2633 852 2708; x_wconf 78' lang='lat' dir='ltr'>⁴Crri,</span> <span class='ocrx_word' id='word_1_258' title='bbox 877 2635 1025 2714; x_wconf 82' lang='lat' dir='ltr'>(qunnrvis</span> <span class='ocrx_word' id='word_1_259' title='bbox 1046 2636 1191 2708; x_wconf 77' lang='lat' dir='ltr'>virtutem,</span> <span class='ocrx_word' id='word_1_260' title='bbox 1209 2631 1289 2713; x_wconf 45' lang='lat' dir='ltr'><em>glo..</em></span> 
     </span>
     <span class='ocr_line' id='line_1_28' title="bbox 26 2717 1335 2805; baseline 0.003 -27"><span class='ocrx_word' id='word_1_261' title='bbox 26 2778 32 2787; x_wconf 81' lang='grc'><em>,</em></span> <span class='ocrx_word' id='word_1_262' title='bbox 119 2739 201 2796; x_wconf 77' lang='lat' dir='ltr'>quam</span> <span class='ocrx_word' id='word_1_263' title='bbox 234 2718 357 2800; x_wconf 79' lang='lat' dir='ltr'>plerique</span> <span class='ocrx_word' id='word_1_264' title='bbox 387 2722 548 2798; x_wconf 83' lang='lat' dir='ltr'>ignorarent</span> <span class='ocrx_word' id='word_1_265' title='bbox 567 2721 675 2805; x_wconf 84' lang='lat' dir='ltr'>sociem</span> <span class='ocrx_word' id='word_1_266' title='bbox 712 2717 798 2792; x_wconf 84' lang='lat' dir='ltr'>riam,</span> <span class='ocrx_word' id='word_1_267' title='bbox 818 2726 901 2799; x_wconf 80' lang='lat' dir='ltr'>o&#39;tque</span> <span class='ocrx_word' id='word_1_268' title='bbox 915 2717 987 2791; x_wconf 81' lang='lat' dir='ltr'>alia,</span> <span class='ocrx_word' id='word_1_269' title='bbox 1010 2739 1073 2799; x_wconf 82' lang='lat' dir='ltr'>quae</span> <span class='ocrx_word' id='word_1_270' title='bbox 1095 2719 1156 2781; x_wconf 81' lang='lat' dir='ltr'>boni</span> <span class='ocrx_word' id='word_1_271' title='bbox 1169 2719 1269 2802; x_wconf 76' lang='lat' dir='ltr'>defide·</span> <span class='ocrx_word' id='word_1_272' title='bbox 1315 2750 1335 2782; x_wconf 92' lang='grc'>·.</span> 
     </span>
     <span class='ocr_line' id='line_1_29' title="bbox 120 2801 1270 2888; baseline 0.005 -28"><span class='ocrx_word' id='word_1_273' title='bbox 120 2802 199 2882; x_wconf 60' lang='lat' dir='ltr'>qus,</span> <span class='ocrx_word' id='word_1_274' title='bbox 220 2803 340 2882; x_wconf 80' lang='lat' dir='ltr'>cognitur</span> <span class='ocrx_word' id='word_1_275' title='bbox 362 2818 462 2864; x_wconf 87' lang='lat' dir='ltr'>tamen</span> <span class='ocrx_word' id='word_1_276' title='bbox 486 2807 592 2865; x_wconf 89' lang='lat' dir='ltr'>virtute</span> <span class='ocrx_word' id='word_1_277' title='bbox 612 2804 676 2865; x_wconf 90' lang='lat' dir='ltr'>bel-</span> <span class='ocrx_word' id='word_1_278' title='bbox 713 2824 781 2864; x_wconf 78' lang='lat' dir='ltr'>rara</span> <span class='ocrx_word' id='word_1_279' title='bbox 800 2805 908 2878; x_wconf 78' lang='lat' dir='ltr'>debent,</span> <span class='ocrx_word' id='word_1_280' title='bbox 930 2802 1039 2888; x_wconf 70' lang='lat' dir='ltr'>ffrtin</span> <span class='ocrx_word' id='word_1_281' title='bbox 1058 2801 1199 2886; x_wconf 52' lang='lat' dir='ltr'>huberte)</span> <span class='ocrx_word' id='word_1_282' title='bbox 1223 2817 1270 2866; x_wconf 84' lang='lat' dir='ltr'>ta-</span> 
     </span>
     <span class='ocr_line' id='line_1_30' title="bbox 47 2886 1271 2976; baseline 0.002 -27"><span class='ocrx_word' id='word_1_283' title='bbox 47 2959 48 2962; x_wconf 9' lang='lat'><em>*</em></span> <span class='ocrx_word' id='word_1_284' title='bbox 119 2887 190 2961; x_wconf 71' lang='lat' dir='ltr'>licei,</span> <span class='ocrx_word' id='word_1_285' title='bbox 211 2887 370 2949; x_wconf 80' lang='lat' dir='ltr'>declaratur</span> <span class='ocrx_word' id='word_1_286' title='bbox 374 2886 466 2976; x_wconf 77' lang='lat' dir='ltr'>sacili</span> <span class='ocrx_word' id='word_1_287' title='bbox 481 2889 610 2953; x_wconf 85' lang='lat' dir='ltr'>tribunus</span> <span class='ocrx_word' id='word_1_288' title='bbox 621 2904 675 2974; x_wconf 83' lang='lat' dir='ltr'>per</span> <span class='ocrx_word' id='word_1_289' title='bbox 712 2909 774 2950; x_wconf 79' lang='lat' dir='ltr'>rnen</span> <span class='ocrx_word' id='word_1_290' title='bbox 796 2888 892 2951; x_wconf 81' lang='lat' dir='ltr'>inerat</span> <span class='ocrx_word' id='word_1_291' title='bbox 914 2889 1025 2952; x_wconf 81' lang='lat' dir='ltr'>animur</span> <span class='ocrx_word' id='word_1_292' title='bbox 1049 2903 1221 2974; x_wconf 81' lang='lat' dir='ltr'>contemptor,</span> <span class='ocrx_word' id='word_1_293' title='bbox 1242 2902 1271 2952; x_wconf 79' lang='lat' dir='ltr'>et</span> 
     </span>
     <span class='ocr_line' id='line_1_31' title="bbox 119 2972 1356 3061; baseline 0.007 -29"><span class='ocrx_word' id='word_1_294' title='bbox 119 2994 206 3041; x_wconf 74' lang='lat' dir='ltr'>amnes</span> <span class='ocrx_word' id='word_1_295' title='bbox 219 2974 317 3034; x_wconf 83' lang='lat' dir='ltr'>tribus.</span> <span class='ocrx_word' id='word_1_296' title='bbox 701 2972 918 3061; x_wconf 67' lang='lat' dir='ltr'>superbiaque</span> <span class='ocrx_word' id='word_1_297' title='bbox 947 2989 1002 3040; x_wconf 84' lang='lat' dir='ltr'>nut</span> <span class='ocrx_word' id='word_1_298' title='bbox 1016 2974 1120 3039; x_wconf 79' lang='lat' dir='ltr'>vitium</span> <span class='ocrx_word' id='word_1_299' title='bbox 1134 2997 1270 3040; x_wconf 74' lang='lat' dir='ltr'>conanime</span> <span class='ocrx_word' id='word_1_300' title='bbox 1354 3032 1356 3041; x_wconf 93' lang='lat'>.</span> 
     </span>
     <span class='ocr_line' id='line_1_32' title="bbox 156 3054 869 3149; baseline 0.001 -28"><span class='ocrx_word' id='word_1_301' title='bbox 156 3063 168 3097; x_wconf 78' lang='lat'>³</span> <span class='ocrx_word' id='word_1_302' title='bbox 195 3054 298 3122; x_wconf 76' lang='lat' dir='ltr'>Tamen</span> <span class='ocrx_word' id='word_1_303' title='bbox 323 3057 374 3122; x_wconf 85' lang='lat' dir='ltr'>vir</span> <span class='ocrx_word' id='word_1_304' title='bbox 398 3057 456 3138; x_wconf 84' lang='lat' dir='ltr'>ille,</span> <span class='ocrx_word' id='word_1_305' title='bbox 478 3060 518 3125; x_wconf 83' lang='lat' dir='ltr'>ad</span> <span class='ocrx_word' id='word_1_306' title='bbox 538 3060 572 3124; x_wconf 89' lang='lat' dir='ltr'>id</span> <span class='ocrx_word' id='word_1_307' title='bbox 592 3056 673 3149; x_wconf 73' lang='lat' dir='ltr'>usqua</span> <span class='ocrx_word' id='word_1_308' title='bbox 710 3057 869 3125; x_wconf 82' lang='lat' dir='ltr'>nobilitatis.</span> 
     </span>
    </p>
   </div>
   <div class='ocr_carea' id='block_1_8' title="bbox 544 3217 750 3309">
    <p class='ocr_par' dir='ltr' id='par_1_9' title="bbox 544 3217 750 3309">
     <span class='ocr_line' id='line_1_33' title="bbox 544 3217 750 3309; baseline 0.01 -2"><span class='ocrx_word' id='word_1_309' title='bbox 544 3217 546 3221; x_wconf 32' lang='lat'><strong><em>¹</em></strong></span> <span class='ocrx_word' id='word_1_310' title='bbox 617 3254 750 3309; x_wconf 72' lang='lat' dir='ltr'>norm.</span> 
     </span>
    </p>
   </div>
   <div class='ocr_carea' id='block_1_9' title="bbox 108 3348 1306 4030">
    <p class='ocr_par' dir='ltr' id='par_1_10' title="bbox 108 3348 1306 3584">
     <span class='ocr_line' id='line_1_34' title="bbox 143 3348 1269 3457; baseline 0.005 -25"><span class='ocrx_word' id='word_1_311' title='bbox 143 3391 160 3415; x_wconf 80' lang='lat'>-¹</span> <span class='ocrx_word' id='word_1_312' title='bbox 177 3384 280 3449; x_wconf 75' lang='lat' dir='ltr'>Arpini]</span> <span class='ocrx_word' id='word_1_313' title='bbox 304 3389 417 3449; x_wconf 82' lang='lat' dir='ltr'>Arpinum</span> <span class='ocrx_word' id='word_1_314' title='bbox 436 3390 488 3437; x_wconf 82' lang='lat' dir='ltr'>urbs</span> <span class='ocrx_word' id='word_1_315' title='bbox 507 3386 550 3436; x_wconf 77' lang='lat' dir='ltr'>sirit</span> <span class='ocrx_word' id='word_1_316' title='bbox 561 3370 674 3449; x_wconf 64' lang='lat' dir='ltr'>‘tranim-</span> <span class='ocrx_word' id='word_1_317' title='bbox 712 3388 760 3437; x_wconf 87' lang='lat' dir='ltr'>nire</span> <span class='ocrx_word' id='word_1_318' title='bbox 775 3389 853 3451; x_wconf 75' lang='lat' dir='ltr'>potest.</span> <span class='ocrx_word' id='word_1_319' title='bbox 885 3391 963 3452; x_wconf 76' lang='lat' dir='ltr'>Itaque</span> <span class='ocrx_word' id='word_1_320' title='bbox 978 3348 1071 3438; x_wconf 70' lang='lat' dir='ltr'>seviant</span> <span class='ocrx_word' id='word_1_321' title='bbox 1084 3389 1124 3457; x_wconf 89' lang='lat' dir='ltr'>qui</span> <span class='ocrx_word' id='word_1_322' title='bbox 1137 3387 1188 3439; x_wconf 69' lang='lat' dir='ltr'>veri</span> <span class='ocrx_word' id='word_1_323' title='bbox 1203 3388 1269 3440; x_wconf 85' lang='lat' dir='ltr'>nobi·</span> 
     </span>
     <span class='ocr_line' id='line_1_35' title="bbox 118 3452 1306 3514; baseline 0.005 -16"><span class='ocrx_word' id='word_1_324' title='bbox 118 3452 203 3499; x_wconf 83' lang='lat' dir='ltr'>rumin</span> <span class='ocrx_word' id='word_1_325' title='bbox 215 3452 360 3507; x_wconf 76' lang='lat' dir='ltr'>Samnitibus,</span> <span class='ocrx_word' id='word_1_326' title='bbox 377 3453 491 3500; x_wconf 80' lang='lat' dir='ltr'>adLirum</span> <span class='ocrx_word' id='word_1_327' title='bbox 511 3452 619 3510; x_wconf 83' lang='lat' dir='ltr'>fluvium,</span> <span class='ocrx_word' id='word_1_328' title='bbox 635 3467 674 3514; x_wconf 87' lang='lat' dir='ltr'>pa·</span> <span class='ocrx_word' id='word_1_329' title='bbox 712 3454 754 3509; x_wconf 84' lang='lat' dir='ltr'>lea,</span> <span class='ocrx_word' id='word_1_330' title='bbox 771 3455 870 3502; x_wconf 80' lang='lat' dir='ltr'>autboni</span> <span class='ocrx_word' id='word_1_331' title='bbox 882 3455 997 3503; x_wconf 80' lang='lat' dir='ltr'>eireaeffe</span> <span class='ocrx_word' id='word_1_332' title='bbox 1009 3457 1091 3503; x_wconf 76' lang='lat' dir='ltr'>volent.</span> <span class='ocrx_word' id='word_1_333' title='bbox 1303 3482 1306 3486; x_wconf 40' lang='grc'>’</span> 
     </span>
     <span class='ocr_line' id='line_1_36' title="bbox 108 3514 1269 3584; baseline 0.003 -22"><span class='ocrx_word' id='word_1_334' title='bbox 108 3514 158 3566; x_wconf 87' lang='lat' dir='ltr'>&#39;tria</span> <span class='ocrx_word' id='word_1_335' title='bbox 169 3517 235 3561; x_wconf 86' lang='lat' dir='ltr'>etiam</span> <span class='ocrx_word' id='word_1_336' title='bbox 248 3516 368 3563; x_wconf 85' lang='lat' dir='ltr'>Ciceronis.</span> <span class='ocrx_word' id='word_1_337' title='bbox 739 3515 756 3554; x_wconf 55' lang='lat' dir='ltr'>*s</span> <span class='ocrx_word' id='word_1_338' title='bbox 768 3514 872 3583; x_wconf 67' lang='lat' dir='ltr'>Pruna]</span> <span class='ocrx_word' id='word_1_339' title='bbox 889 3519 998 3582; x_wconf 82' lang='lat' dir='ltr'>Loquitur</span> <span class='ocrx_word' id='word_1_340' title='bbox 1016 3523 1043 3567; x_wconf 89' lang='lat' dir='ltr'>de</span> <span class='ocrx_word' id='word_1_341' title='bbox 1063 3519 1168 3584; x_wconf 87' lang='lat' dir='ltr'>petitione</span> <span class='ocrx_word' id='word_1_342' title='bbox 1187 3519 1269 3567; x_wconf 78' lang='lat' dir='ltr'>consu·</span> 
     </span>
    </p>

    <p class='ocr_par' dir='ltr' id='par_1_11' title="bbox 115 3578 1275 4030">
     <span class='ocr_line' id='line_1_37' title="bbox 148 3578 1266 3649; baseline 0.004 -23"><span class='ocrx_word' id='word_1_343' title='bbox 148 3578 311 3644; x_wconf 66' lang='lat' dir='ltr'>bMunditiis]</span> <span class='ocrx_word' id='word_1_344' title='bbox 327 3580 460 3638; x_wconf 80' lang='lat' dir='ltr'>Galanrerie,</span> <span class='ocrx_word' id='word_1_345' title='bbox 476 3579 577 3644; x_wconf 76' lang='lat' dir='ltr'>Podreffe.</span> <span class='ocrx_word' id='word_1_346' title='bbox 711 3580 777 3629; x_wconf 76' lang='lat' dir='ltr'>latita.</span> <span class='ocrx_word' id='word_1_347' title='bbox 808 3583 865 3649; x_wconf 78' lang='lat' dir='ltr'>Qia</span> <span class='ocrx_word' id='word_1_348' title='bbox 876 3581 929 3630; x_wconf 79' lang='lat' dir='ltr'>verb</span> <span class='ocrx_word' id='word_1_349' title='bbox 939 3585 977 3631; x_wconf 86' lang='lat' dir='ltr'>eui</span> <span class='ocrx_word' id='word_1_350' title='bbox 988 3583 1056 3632; x_wconf 82' lang='lat' dir='ltr'>morld</span> <span class='ocrx_word' id='word_1_351' title='bbox 1075 3586 1135 3633; x_wconf 80' lang='lat' dir='ltr'>virile</span> <span class='ocrx_word' id='word_1_352' title='bbox 1151 3584 1266 3645; x_wconf 73' lang='lat' dir='ltr'>ingenium</span> 
     </span>
     <span class='ocr_line' id='line_1_38' title="bbox 116 3640 1275 3712; baseline 0.003 -22"><span class='ocrx_word' id='word_1_353' title='bbox 116 3700 120 3705; x_wconf 35' lang='grc' dir='ltr'>Ι</span> <span class='ocrx_word' id='word_1_354' title='bbox 148 3645 217 3691; x_wconf 68' lang='lat' dir='ltr'>‘Per</span> <span class='ocrx_word' id='word_1_355' title='bbox 232 3640 330 3707; x_wconf 73' lang='lat' dir='ltr'>manua]</span> <span class='ocrx_word' id='word_1_356' title='bbox 348 3647 489 3693; x_wconf 80' lang='lat' dir='ltr'>Proverbialis</span> <span class='ocrx_word' id='word_1_357' title='bbox 505 3646 594 3701; x_wconf 77' lang='lat' dir='ltr'>locutio,</span> <span class='ocrx_word' id='word_1_358' title='bbox 612 3643 672 3692; x_wconf 87' lang='lat' dir='ltr'>Gali.</span> <span class='ocrx_word' id='word_1_359' title='bbox 711 3645 749 3702; x_wconf 87' lang='lat' dir='ltr'>fit,</span> <span class='ocrx_word' id='word_1_360' title='bbox 766 3655 850 3694; x_wconf 68' lang='lat' dir='ltr'>nutam</span> <span class='ocrx_word' id='word_1_361' title='bbox 865 3646 968 3709; x_wconf 87' lang='lat' dir='ltr'>injuriam</span> <span class='ocrx_word' id='word_1_362' title='bbox 985 3650 1076 3697; x_wconf 74' lang='lat' dir='ltr'>tolerem</span> <span class='ocrx_word' id='word_1_363' title='bbox 1088 3659 1162 3712; x_wconf 77' lang='lat' dir='ltr'>queat,</span> <span class='ocrx_word' id='word_1_364' title='bbox 1181 3662 1207 3697; x_wconf 92' lang='lat' dir='ltr'>ut</span> <span class='ocrx_word' id='word_1_365' title='bbox 1221 3663 1275 3695; x_wconf 61' lang='lat' dir='ltr'>non*</span> 
     </span>
     <span class='ocr_line' id='line_1_39' title="bbox 117 3707 1267 3776; baseline -0.001 -17"><span class='ocrx_word' id='word_1_366' title='bbox 117 3707 218 3764; x_wconf 65' lang='lat' dir='ltr'>dicimur,</span> <span class='ocrx_word' id='word_1_367' title='bbox 233 3708 258 3755; x_wconf 82' lang='lat' dir='ltr'>de</span> <span class='ocrx_word' id='word_1_368' title='bbox 275 3712 331 3755; x_wconf 84' lang='lat' dir='ltr'>main</span> <span class='ocrx_word' id='word_1_369' title='bbox 345 3727 368 3757; x_wconf 84' lang='lat' dir='ltr'>en</span> <span class='ocrx_word' id='word_1_370' title='bbox 383 3712 448 3771; x_wconf 71' lang='lat' dir='ltr'>main.</span> <span class='ocrx_word' id='word_1_371' title='bbox 481 3711 555 3758; x_wconf 76' lang='lat' dir='ltr'>Patres</span> <span class='ocrx_word' id='word_1_372' title='bbox 570 3709 629 3769; x_wconf 82' lang='lat' dir='ltr'>quafi</span> <span class='ocrx_word' id='word_1_373' title='bbox 644 3726 672 3757; x_wconf 82' lang='lat' dir='ltr'>ex</span> <span class='ocrx_word' id='word_1_374' title='bbox 710 3709 725 3757; x_wconf 90' lang='lat' dir='ltr'>ii</span> <span class='ocrx_word' id='word_1_375' title='bbox 745 3710 834 3758; x_wconf 76' lang='lat' dir='ltr'>virtutis</span> <span class='ocrx_word' id='word_1_376' title='bbox 854 3708 955 3759; x_wconf 80' lang='lat' dir='ltr'>laudibus</span> <span class='ocrx_word' id='word_1_377' title='bbox 978 3724 1001 3759; x_wconf 87' lang='lat' dir='ltr'>et</span> <span class='ocrx_word' id='word_1_378' title='bbox 1022 3714 1128 3776; x_wconf 72' lang='lat' dir='ltr'>premiis,</span> <span class='ocrx_word' id='word_1_379' title='bbox 1153 3713 1267 3768; x_wconf 71' lang='lat' dir='ltr'>numme,</span> 
     </span>
     <span class='ocr_line' id='line_1_40' title="bbox 116 3774 1268 3903; baseline 0.003 -20"><span class='ocrx_word' id='word_1_380' title='bbox 116 3774 670 3899; x_wconf 50' lang='lat' dir='ltr'>diffstilttiittllllm..stilis</span> <span class='ocrx_word' id='word_1_381' title='bbox 709 3775 841 3901; x_wconf 55' lang='lat' dir='ltr'>dliii</span> <span class='ocrx_word' id='word_1_382' title='bbox 854 3776 1104 3903; x_wconf 57' lang='lat' dir='ltr'>‘’iiiiii‘’riiiii</span> <span class='ocrx_word' id='word_1_383' title='bbox 1119 3776 1268 3890; x_wconf 63' lang='lat' dir='ltr'>iiiiii</span> 
     </span>
     <span class='ocr_line' id='line_1_41' title="bbox 115 3903 1266 4030; baseline 0.003 -21"><span class='ocrx_word' id='word_1_384' title='bbox 115 3915 295 4030; x_wconf 55' lang='lat' dir='ltr'>libitis</span> <span class='ocrx_word' id='word_1_385' title='bbox 307 3906 466 4025; x_wconf 54' lang='lat' dir='ltr'>iiidie,</span> <span class='ocrx_word' id='word_1_386' title='bbox 483 3969 573 4019; x_wconf 69' lang='lat' dir='ltr'>rann.</span> <span class='ocrx_word' id='word_1_387' title='bbox 606 3938 671 4015; x_wconf 71' lang='lat' dir='ltr'>nn</span> <span class='ocrx_word' id='word_1_388' title='bbox 708 3903 1266 4030; x_wconf 49' lang='lat' dir='ltr'>dissiliit?&#39;&#39;stitilhtliz&#39;lttt</span> 
     </span>
    </p>
   </div>
   <div class='ocr_carea' id='block_1_10' title="bbox 10 4020 1265 4094">
    <p class='ocr_par' dir='ltr' id='par_1_12' title="bbox 10 4020 1265 4094">
     <span class='ocr_line' id='line_1_42' title="bbox 10 4020 1265 4094; baseline 0.002 -18"><span class='ocrx_word' id='word_1_389' title='bbox 10 4020 13 4031; x_wconf 59' lang='lat'><strong>¹</strong></span> <span class='ocrx_word' id='word_1_390' title='bbox 116 4025 210 4076; x_wconf 70' lang='lat' dir='ltr'>Metello</span> <span class='ocrx_word' id='word_1_391' title='bbox 220 4030 241 4076; x_wconf 87' lang='lat' dir='ltr'>se</span> <span class='ocrx_word' id='word_1_392' title='bbox 250 4032 436 4083; x_wconf 69' lang='lat' dir='ltr'>intromissionem</span> <span class='ocrx_word' id='word_1_393' title='bbox 455 4050 539 4093; x_wconf 75' lang='lat' dir='ltr'>rogare,</span> <span class='ocrx_word' id='word_1_394' title='bbox 558 4046 582 4082; x_wconf 91' lang='lat' dir='ltr'>ut</span> <span class='ocrx_word' id='word_1_395' title='bbox 592 4035 618 4079; x_wconf 83' lang='lat' dir='ltr'>ed</span> <span class='ocrx_word' id='word_1_396' title='bbox 629 4049 669 4094; x_wconf 87' lang='lat' dir='ltr'>pe·</span> <span class='ocrx_word' id='word_1_397' title='bbox 708 4033 738 4080; x_wconf 88' lang='lat' dir='ltr'>ilii</span> <span class='ocrx_word' id='word_1_398' title='bbox 754 4033 838 4083; x_wconf 78' lang='lat' dir='ltr'>nobiles</span> <span class='ocrx_word' id='word_1_399' title='bbox 854 4034 891 4083; x_wconf 86' lang='lat' dir='ltr'>soli</span> <span class='ocrx_word' id='word_1_400' title='bbox 904 4045 927 4081; x_wconf 91' lang='lat' dir='ltr'>et</span> <span class='ocrx_word' id='word_1_401' title='bbox 936 4035 1013 4081; x_wconf 86' lang='lat' dir='ltr'>deserti</span> <span class='ocrx_word' id='word_1_402' title='bbox 1029 4037 1117 4083; x_wconf 76' lang='lat' dir='ltr'>tantem</span> <span class='ocrx_word' id='word_1_403' title='bbox 1134 4034 1209 4080; x_wconf 80' lang='lat' dir='ltr'>vivere</span> <span class='ocrx_word' id='word_1_404' title='bbox 1225 4046 1265 4078; x_wconf 83' lang='lat' dir='ltr'>eo·</span> 
     </span>
    </p>
   </div>
   <div class='ocr_carea' id='block_1_11' title="bbox 115 4093 1264 4288">
    <p class='ocr_par' dir='ltr' id='par_1_13' title="bbox 115 4093 1264 4288">
     <span class='ocr_line' id='line_1_43' title="bbox 116 4093 1264 4161; baseline -0.008 -7"><span class='ocrx_word' id='word_1_405' title='bbox 116 4093 208 4138; x_wconf 61' lang='lat' dir='ltr'>“ndum</span> <span class='ocrx_word' id='word_1_406' title='bbox 219 4095 355 4144; x_wconf 62' lang='lat' dir='ltr'>‘msulatum</span> <span class='ocrx_word' id='word_1_407' title='bbox 368 4098 467 4146; x_wconf 82' lang='lat' dir='ltr'>Romam</span> <span class='ocrx_word' id='word_1_408' title='bbox 479 4099 656 4160; x_wconf 83' lang='lat' dir='ltr'>proficisceretur.</span> <span class='ocrx_word' id='word_1_409' title='bbox 708 4107 801 4158; x_wconf 73' lang='lat' dir='ltr'>guntur,</span> <span class='ocrx_word' id='word_1_410' title='bbox 810 4097 849 4161; x_wconf 89' lang='lat' dir='ltr'>qui</span> <span class='ocrx_word' id='word_1_411' title='bbox 862 4099 954 4155; x_wconf 85' lang='lat' dir='ltr'>aditum,</span> <span class='ocrx_word' id='word_1_412' title='bbox 964 4114 1003 4158; x_wconf 87' lang='lat' dir='ltr'>per</span> <span class='ocrx_word' id='word_1_413' title='bbox 1013 4114 1079 4160; x_wconf 90' lang='lat' dir='ltr'>quem</span> <span class='ocrx_word' id='word_1_414' title='bbox 1091 4106 1164 4158; x_wconf 85' lang='lat' dir='ltr'>patres</span> <span class='ocrx_word' id='word_1_415' title='bbox 1175 4097 1215 4153; x_wconf 86' lang='lat' dir='ltr'>sui,</span> <span class='ocrx_word' id='word_1_416' title='bbox 1226 4097 1264 4157; x_wconf 80' lang='lat' dir='ltr'>qut</span> 
     </span>
     <span class='ocr_line' id='line_1_44' title="bbox 147 4156 1262 4230; baseline 0.018 -46"><span class='ocrx_word' id='word_1_417' title='bbox 147 4156 298 4224; x_wconf 62' lang='lat' dir='ltr'>aerumnam]</span> <span class='ocrx_word' id='word_1_418' title='bbox 315 4160 348 4208; x_wconf 67' lang='lat' dir='ltr'>Ei</span> <span class='ocrx_word' id='word_1_419' title='bbox 361 4178 384 4210; x_wconf 86' lang='lat' dir='ltr'>re</span> <span class='ocrx_word' id='word_1_420' title='bbox 400 4180 493 4226; x_wconf 72' lang='lat' dir='ltr'>praeceps</span> <span class='ocrx_word' id='word_1_421' title='bbox 509 4166 607 4227; x_wconf 84' lang='lat' dir='ltr'>pleraque</span> <span class='ocrx_word' id='word_1_422' title='bbox 623 4164 669 4209; x_wconf 87' lang='lat' dir='ltr'>ruit</span> <span class='ocrx_word' id='word_1_423' title='bbox 705 4162 787 4211; x_wconf 85' lang='lat' dir='ltr'>mortui</span> <span class='ocrx_word' id='word_1_424' title='bbox 808 4161 871 4222; x_wconf 85' lang='lat' dir='ltr'>sunt,</span> <span class='ocrx_word' id='word_1_425' title='bbox 886 4178 926 4212; x_wconf 78' lang='lat' dir='ltr'>eas·</span> <span class='ocrx_word' id='word_1_426' title='bbox 939 4164 964 4211; x_wconf 81' lang='lat' dir='ltr'>ad</span> <span class='ocrx_word' id='word_1_427' title='bbox 984 4164 1074 4223; x_wconf 73' lang='lat' dir='ltr'>goriam</span> <span class='ocrx_word' id='word_1_428' title='bbox 1095 4160 1197 4222; x_wconf 64' lang='lat' dir='ltr'>evexire,</span> <span class='ocrx_word' id='word_1_429' title='bbox 1214 4162 1262 4230; x_wconf 60' lang='lat' dir='ltr'>afile</span> 
     </span>
     <span class='ocr_line' id='line_1_45' title="bbox 115 4219 1060 4288; baseline -0.018 -3"><span class='ocrx_word' id='word_1_430' title='bbox 115 4219 328 4288; x_wconf 60' lang='lat' dir='ltr'>“hiima&#39;riane</span> <span class='ocrx_word' id='word_1_431' title='bbox 345 4227 409 4279; x_wconf 81' lang='lat' dir='ltr'>aliter</span> <span class='ocrx_word' id='word_1_432' title='bbox 422 4229 480 4279; x_wconf 85' lang='lat' dir='ltr'>iuter</span> <span class='ocrx_word' id='word_1_433' title='bbox 495 4227 597 4285; x_wconf 72' lang='lat' dir='ltr'>hamiata</span> <span class='ocrx_word' id='word_1_434' title='bbox 613 4243 666 4282; x_wconf 64' lang='lat' dir='ltr'>eree</span> <span class='ocrx_word' id='word_1_435' title='bbox 705 4228 862 4278; x_wconf 75' lang='lat' dir='ltr'>metuant.-</span> <span class='ocrx_word' id='word_1_436' title='bbox 1055 4225 1060 4234; x_wconf 98' lang='grc'>’</span> 
     </span>
    </p>
   </div>
   <div class='ocr_carea' id='block_1_12' title="bbox 751 4288 827 4383">
    <p class='ocr_par' dir='ltr' id='par_1_14' title="bbox 751 4288 827 4383">
     <span class='ocr_line' id='line_1_46' title="bbox 751 4288 827 4383; baseline -0.026 -29"><span class='ocrx_word' id='word_1_437' title='bbox 751 4288 827 4383; x_wconf 14' lang='grc' dir='ltr'>Ημα</span> 
     </span>
    </p>
   </div>
   <div class='ocr_carea' id='block_1_13' title="bbox 0 0 1382 4914">
    <p class='ocr_par' dir='ltr' id='par_1_15' title="bbox 0 0 1382 4914">
     <span class='ocr_line' id='line_1_47' title="bbox 0 0 1382 4914; baseline 0 1"><span class='ocrx_word' id='word_1_438' title='bbox 0 0 1382 4914; x_wconf 95' lang='lat' dir='ltr'> </span> 
     </span>
    </p>
   </div>
  </div>
 </body>
</html>
