2754 4914
62 220 65 229 ’
153 256 197 344 aa
471 223 473 226 ’
533 340 535 345 ,
608 233 841 328 sannusru
924 297 928 309 ·
978 284 982 291 ·

152 391 215 456 lum
237 392 321 454 timet
338 392 403 472 lege
430 391 630 473 ¹Sempronia
652 395 811 473 provinciae
830 393 938 458 futuris
960 394 1124 461 consulibus
1143 396 1293 464 Numidia

152 495 240 562 atque
256 477 340 540 Italia
354 479 497 539 decretae:
514 479 647 540 consules
658 480 795 543 declarati
816 479 846 542 Ρ.
865 479 965 562 Scipio
982 485 994 521 ¹²
1011 483 1131 560 Nasica,
1145 483 1181 546 L.
1198 486 1294 547 Bestia

151 565 352 645 Calpurnius:
371 561 536 642 Calpurnio
554 563 709 637 Numidia,
727 563 859 645 Scipioni
880 565 964 628 Italia
979 579 990 604 ⁶
1006 569 1137 646 obvenit,
1159 571 1223 631 dein
1238 592 1292 632 ex·

152 655 271 722 ercirus,
293 650 393 730 quiin
420 649 555 710 Africam
582 663 755 728 portaretur,
778 650 931 712 scribitur:
955 643 1144 733 stipendiumi
1167 657 1298 738 aliaque,

153 757 222 817 quae
236 735 311 796 bello
327 734 387 795 usui
403 734 513 823 forent,
526 735 732 798 decernuntur.
773 734 814 799 Ar
830 733 992 816 Jugurtha,
1007 753 1111 800 contra
1126 741 1202 819 spem
1214 763 1292 802 nun.

153 823 202 882 cio
224 835 358 900 accepto,
383 825 492 902 quippe
507 819 567 892 cui,
591 816 699 878 Romae
713 821 815 879 omnia
832 815 844 848 ¹'
856 823 966 894 venire,
990 827 1018 883 in
1033 827 1135 884 animo
1154 828 1293 886 haeserat:

153 905 263 981 filium,
286 902 398 965 etcum
416 926 452 976 eo
466 905 539 963 duos
555 902 712 964 familiares
727 904 762 965 ad
779 906 907 967 senatum
924 902 1034 990 legatos
1051 909 1164 984 mittit3
1189 911 1296 991 iisque,

153 1007 188 1056 ut
204 991 272 1068 illis,
293 1011 368 1071 quos
384 987 551 1066 Hiempsale
567 988 720 1050 intersedto
730 991 862 1065 miserat,
878 994 1022 1072 praecipit,
1037 1014 1139 1054 omnes
1155 996 1293 1055 mortales

153 1079 281 1160 pecunii
296 1080 309 1105 ²
323 1073 547 1156 aggrediantur:
570 1075 619 1156 qui
636 1073 789 1156 postquam
807 1077 936 1138 Romam
952 1079 1158 1157 adventabant,
1181 1080 1294 1140 senatus

67 1208 69 1213 -
154 1163 284 1226 arserit
300 1161 450 1221 consultus
466 1159 520 1234 est,
543 1159 707 1240 placeretne
722 1160 833 1243 legatos
849 1161 1005 1244 Jugurthae
1021 1167 1109 1245 recipi
1127 1167 1293 1240 maenibus;

152 1250 236 1330 iique
256 1245 421 1319 decrevdre,
444 1245 474 1305 ni
491 1267 614 1327 regnum
638 1245 791 1328 ipsumque
811 1248 942 1310 deditum
966 1248 1115 1323 venissent,
1139 1250 1214 1312 utin
1230 1250 1293 1310 die-

75 1404 77 1409 ,
153 1334 210 1394 bus
227 1331 367 1412 proximis
383 1331 484 1391 decern
505 1326 590 1393 Italia
614 1331 793 1392 decederent.
839 1333 951 1395 Consul
967 1334 1109 1396 Numidis
1125 1356 1162 1395 cx
1177 1335 1293 1396 senariis

153 1419 273 1480 decreto
290 1417 420 1477 nunciati
432 1417 526 1500 jubet.
564 1415 610 1479 Ita
626 1416 749 1477 infestus
764 1418 850 1478 rebus
865 1419 905 1480 illi
922 1421 1043 1481 domum
1059 1421 1217 1481 discedunt.
1241 1420 1293 1479 ln-

154 1505 240 1565 terim
266 1500 459 1582 Calpurnius
480 1516 582 1581 parato
610 1504 750 1578 exercitu,
774 1502 812 1539 Η
829 1504 905 1585 legat
930 1505 981 1566 sibi
1008 1508 1140 1566 homines
1169 1506 1294 1578 nobiles,

154 1589 300 1661 factiosos,
322 1609 448 1669 quorum
464 1589 653 1662 austeritate,
673 1609 741 1670 quae
756 1587 929 1669 deliquisset,
951 1593 1064 1652 munita
1078 1593 1140 1652 fore
1155 1592 1295 1670 sperabat,

155 1677 187 1754 in
202 1676 269 1756 quis
285 1675 341 1734 suit
358 1671 498 1750 Scaurus,
522 1676 608 1758 cujtls
622 1672 657 1732 de
674 1676 779 1733 naturi
792 1691 822 1734 et
836 1675 933 1734 babitu
950 1676 1035 1755 supra
1055 1679 1295 1737 memoravimus

154 1760 239 1824 Nam
266 1761 296 1821 in
323 1759 440 1819 conlirle
465 1757 565 1820 nostro
592 1758 692 1819 multae
724 1761 870 1840 bonaeque
897 1775 970 1820 artes
997 1761 1087 1821 animi
1112 1776 1141 1820 et
1166 1762 1296 1839 corporis

154 1861 238 1907 erant
248 1872 258 1920 3
283 1866 353 1925 quas
369 1846 467 1906 omnis
484 1845 604 1904 avaritia
629 1845 831 1923 praepediebat.
876 1842 990 1905 Patiens
1006 1846 1154 1918 laborum,
1171 1848 1229 1906 acri
1247 1846 1296 1906 in·

152 1931 245 2012 genio
260 1927 328 1991 sads
344 1929 510 2011 providens,
534 1928 600 1989 belli
616 1929 690 1989 haud
708 1931 837 2010 ignarus,
857 1920 1034 1992 finniffirnus
1048 1930 1152 1992 contra
1168 1931 1296 2011 pericula

153 2034 184 2079 et
200 2014 325 2076 infidias.
373 2013 428 2074 Sed
451 2015 580 2095 legiones
596 2035 645 2094 per
659 2012 774 2076 Italiam
791 2027 802 2052 ⁶
820 2014 978 2098 Rhegium,
1001 2032 1089 2096 atque
1111 2017 1179 2079 inde
1193 2013 1204 2050 f
1220 2016 1297 2076 Sici-

154 2103 237 2175 liam,
254 2101 342 2180 porro
352 2119 389 2159 ex
402 2097 504 2161 Sicilia
516 2102 544 2160 in
558 2100 691 2160 Africam
705 2101 885 2162 transvecta.
907 2099 1003 2182 Igitur
1016 2101 1195 2181 Calpurnius
1213 2102 1297 2163 initio

153 2189 260 2269 paratis
287 2185 512 2256 commeatibus,
545 2185 651 2245 acriter
676 2183 853 2247 Numidiam
880 2184 1018 2270 ingressus
1035 2185 1097 2260 est;
1132 2187 1297 2266 multosque

154 2272 305 2343 mortales,
329 2285 359 2330 et
379 2271 463 2344 urbes
482 2269 593 2349 aliquot
612 2271 773 2351 pugnando
793 2273 881 2350 cepit.
928 2269 984 2330 Sed
1009 2273 1057 2330 ubi
1079 2270 1227 2351 Jugnrtha
1247 2293 1298 2349 per

153 2357 181 2418 le
206 2370 268 2416 atos
294 2356 418 2435 pecunia
434 2371 554 2426 tentare,
577 2353 712 2434 bellique,
737 2355 817 2434 quod
834 2354 1065 2429 administrabat,
1087 2357 1297 2436 gasperitatem

65 2435 67 2440 ’
154 2379 304 2504 oliendere
314 2441 407 2522 coepit
417 2440 554 2517 ,animus
565 2460 645 2523 aeger
654 2439 775 2502 avaritia
785 2439 1060 2503 facilehconversus
1069 2439 1118 2502 est.
1143 2438 1304 2502 Caeterirm·

479 2682 481 2689 Ι
560 2606 885 2671 ‘turnararrnrrm

197 2742 210 2776 ¹
241 2737 348 2827 Quippe
376 2738 424 2826 qui
449 2738 561 2825 proruis
587 2737 710 2800 credebat
791 2733 989 2818 ³(t’rrlpurnr'ar
1011 2735 1120 2819 aſjumit
1129 2735 1188 2818 fibi
1202 2736 1301 2817 legator

155 2827 244 2909 omnia
293 2851 357 2888 oruae
370 2826 416 2909 ff
430 2825 550 2886 venalia.
592 2869 596 2878 .
750 2821 865 2884 homines
888 2820 994 2895 nabiles,
1016 2820 1156 2909 fastiosos,
1186 2845 1302 2904 qaorum

201 2915 215 2942 ²
232 2910 272 2972 Iis
282 2912 412 2995 praeripit
428 2924 458 2970 ur
469 2908 589 2991 quosvis,
601 2904 711 2981 Ramex,
750 2907 914 2968 cruciorr'tate
931 2904 1066 2990 sperabat
1080 2915 1152 2968 retia
1166 2922 1192 2969 et
1208 2906 1301 2990 impu-

156 3011 285 3061 conentar
296 2992 412 3082 pecunici
421 2995 459 3056 ad
468 3005 564 3076 partes
570 2990 644 3076 suar
659 2992 711 3051 ad·
751 2991 887 3076 nitafhre
902 3012 964 3070 quae
978 2990 1132 3074 deliqasset.

157 3084 266 3146 ducere.

663 3217 816 3293 norae„
844 3253 849 3261 .

167 3344 204 3411 ‘2⁸
225 3334 365 3402 Sempronii]
383 3333 522 3394 Sempronius
541 3332 657 3380 Gracchus
669 3333 710 3391 le·
748 3328 924 3389 omnibus,¹adi,
942 3329 1047 3392 siplacet,
1062 3322 1213 3380 doetiffimuin
1231 3333 1301 3395 Lipfi»

158 3410 209 3464 ‘gem
228 3407 318 3459 tulerat,
336 3401 538 3462 utfingulisannis
557 3401 642 3445 senatus
661 3413 710 3458 pro·
751 3411 800 3442 um.
891 3444 894 3449 ⁵
925 3434 928 3439 r

157 3466 241 3514 vincias
252 3470 306 3514 duas
316 3469 447 3523 consulares,
464 3463 515 3512 ante
526 3464 613 3510 comitia
631 3463 711 3509 consu·
783 3458 934 3524 taragna]
952 3461 1011 3509 Urbs
1022 3463 1091 3531 estin
1110 3464 1170 3509 litore
1188 3462 1303 3517 Calabriae,

157 3532 219 3588 laria,
236 3548 288 3592 quas
307 3535 383 3579 deinde
395 3531 431 3590 ips:
443 3530 545 3588 designati
563 3527 658 3574 eonsules
676 3527 711 3572 in·
754 3523 862 3582 eregrone
875 3526 981 3571 Messanae
994 3527 1016 3573 in
1029 3526 1113 3572 sienis.

160 3609 193 3644 ter
204 3597 224 3642 sc
236 3597 372 3651 sortirentur,
389 3600 521 3640 decerneret.
784 3588 795 3625 f
807 3589 923 3652 Siciliam]
940 3590 1016 3636 Sicilia
1027 3589 1181 3645 Medterranei
1193 3589 1263 3635 insula
1272 3588 1304 3632 est

192 3660 203 3688 Β
220 3662 323 3724 Nostra]
343 3662 388 3706 Hic
405 3661 461 3703 inter
476 3656 601 3702 clarissimos
618 3662 717 3704 oratores¹
751 3655 897 3708 celeberrima,
913 3655 935 3699 T
937 3656 1030 3717 riquetra
1045 3664 1068 3699 et
1081 3655 1196 3700 Trinacria
1211 3653 1274 3709 olim,
1292 3652 1304 3696 ai

113 3746 116 3751 ·
146 3724 430 3780 .iCiceronerecerrsetur,
445 3721 480 3783 qui
493 3722 577 3767 eumin
589 3720 714 3766 consulatus
752 3714 833 3772 sormi,
849 3717 916 3762 uitta.

162 3799 277 3840 manuum
289 3790 331 3834 else
343 3788 404 3834 dicit.
784 3788 799 3831 ⁸
819 3777 980 3844 asperitatem]
1009 3780 1126 3826 Enimvero
1147 3778 1305 3826 difficillimum

196 3851 339 3914 corveria]
358 3853 419 3897 Sarte
430 3848 527 3906 scilicet:
545 3846 644 3906 quamvis
660 3861 714 3891 con·
754 3843 807 3902 suit,
823 3845 845 3888 in
859 3846 910 3888 locis
923 3844 1070 3890 remotiisrmis
1081 3856 1104 3889 et
1114 3844 1245 3904 asperrimis,
1262 3844 1305 3889 ho-

163 3923 221 3969 suler
240 3916 368 3980 quandoque
387 3917 443 3962 inter
454 3914 512 3959 sede
527 3913 643 3973 provinciis
661 3925 716 3957 eon·
754 3911 810 3954 siem
829 3907 914 3953 militiae
931 3908 1091 3973 peritissimum,
1108 3920 1130 3955 et
1147 3907 1306 3955 atrocissimum

164 3987 288 4034 veniebant.
756 3974 863 4032 superare.

197 4048 210 4085 ἃ
231 4044 321 4111 Legorl]
339 4043 413 4101 Legati
432 4039 596 4103 imperatoribus
616 4034 715 4098 adjuntli
788 4032 955 4102 hconversrm]
982 4038 1017 4083 lta
1038 4044 1073 4093 ut,
1101 4036 1214 4096 postquam
1235 4038 1307 4083 abeo

163 4125 234 4166 crant,
252 4124 277 4159 ut
294 4127 331 4159 eor
347 4108 442 4163 consilia,
459 4116 482 4152 et
500 4101 563 4166 operit
582 4104 715 4164 adjuvarent.
756 4099 837 4146 bellum
857 4104 935 4148 acriter
952 4104 1065 4160 inceptum
1077 4100 1139 4159 esset,
1153 4101 1306 4151 idemillide·

164 4179 299 4238 Plerumque
318 4175 394 4235 singuli
412 4172 498 4235 lingulis
511 4167 607 4217 attributi
623 4164 716 4225 legioni.
755 4166 830 4229 incepi
840 4163 937 4227 segniter
945 4164 1112 4229 persequeretur.

165 4241 216 4300 bus,
233 4249 256 4287 et
266 4242 352 4290 summo
368 4235 419 4286 duci
428 4233 528 4286 obnoxii·-
549 4233 613 4291 Sed,
628 4232 656 4280 de
666 4230 715 4281 inre
