<?xml version="1.0" encoding="UTF-8"?>
<!DOCTYPE html PUBLIC "-//W3C//DTD XHTML 1.0 Transitional//EN"
    "http://www.w3.org/TR/xhtml1/DTD/xhtml1-transitional.dtd">
<html xmlns="http://www.w3.org/1999/xhtml" xml:lang="en" lang="en">
 <head>
  <title>
</title>
<meta http-equiv="Content-Type" content="text/html;charset=utf-8" />
  <meta name='ocr-system' content='tesseract 3.04.00' />
  <meta name='ocr-capabilities' content='ocr_page ocr_carea ocr_par ocr_line ocrx_word'/>
</head>
<body>
  <div class='ocr_page' id='page_1' title='image "./csallustiicrisp00sallgoog_0127.png"; bbox 0 0 2754 4914; ppageno 0'>
   <div class='ocr_carea' id='block_1_1' title="bbox 142 204 1002 298">
    <p class='ocr_par' dir='ltr' id='par_1_1' title="bbox 142 204 1002 298">
     <span class='ocr_line' id='line_1_1' title="bbox 142 204 1002 298; baseline -0.014 0"><span class='ocrx_word' id='word_1_1' title='bbox 142 245 203 298; x_wconf 77' lang='lat' dir='ltr'>tta</span> <span class='ocrx_word' id='word_1_2' title='bbox 301 234 304 241; x_wconf 50' lang='lat'><strong>⁴</strong></span> <span class='ocrx_word' id='word_1_3' title='bbox 552 204 827 290; x_wconf 77' lang='lat' dir='ltr'>‘saubusru</span> <span class='ocrx_word' id='word_1_4' title='bbox 991 226 1002 237; x_wconf 36' lang='lat' dir='ltr'>t</span> 
     </span>
    </p>
   </div>
   <div class='ocr_carea' id='block_1_2' title="bbox 64 355 1365 2833">
    <p class='ocr_par' dir='ltr' id='par_1_2' title="bbox 64 355 1365 2833">
     <span class='ocr_line' id='line_1_2' title="bbox 139 355 1285 443; baseline 0.004 -19"><span class='ocrx_word' id='word_1_5' title='bbox 139 360 195 424; x_wconf 86' lang='lat' dir='ltr'>Ille</span> <span class='ocrx_word' id='word_1_6' title='bbox 210 355 291 423; x_wconf 82' lang='lat' dir='ltr'>brevi</span> <span class='ocrx_word' id='word_1_7' title='bbox 304 355 445 420; x_wconf 88' lang='lat' dir='ltr'>mandata</span> <span class='ocrx_word' id='word_1_8' title='bbox 460 355 561 419; x_wconf 88' lang='lat' dir='ltr'>efficit.</span> <span class='ocrx_word' id='word_1_9' title='bbox 596 360 639 420; x_wconf 85' lang='lat' dir='ltr'>At</span> <span class='ocrx_word' id='word_1_10' title='bbox 653 356 802 443; x_wconf 84' lang='lat' dir='ltr'>Jugurtha</span> <span class='ocrx_word' id='word_1_11' title='bbox 816 366 828 394; x_wconf 85' lang='lat'><em>²</em></span> <span class='ocrx_word' id='word_1_12' title='bbox 845 358 1032 425; x_wconf 87' lang='lat' dir='ltr'>munimento</span> <span class='ocrx_word' id='word_1_13' title='bbox 1046 361 1205 427; x_wconf 86' lang='lat' dir='ltr'>castrorum</span> <span class='ocrx_word' id='word_1_14' title='bbox 1222 368 1285 429; x_wconf 81' lang='lat' dir='ltr'>im-&#39;</span> 
     </span>
     <span class='ocr_line' id='line_1_3' title="bbox 142 441 1287 530; baseline 0.005 -22"><span class='ocrx_word' id='word_1_15' title='bbox 142 447 272 530; x_wconf 83' lang='lat' dir='ltr'><strong>peditus,</strong></span> <span class='ocrx_word' id='word_1_16' title='bbox 287 441 357 505; x_wconf 75' lang='lat' dir='ltr'>cum</span> <span class='ocrx_word' id='word_1_17' title='bbox 375 443 422 504; x_wconf 91' lang='lat' dir='ltr'>alii</span> <span class='ocrx_word' id='word_1_18' title='bbox 437 444 521 523; x_wconf 90' lang='lat' dir='ltr'>super</span> <span class='ocrx_word' id='word_1_19' title='bbox 535 441 645 504; x_wconf 89' lang='lat' dir='ltr'>vallum</span> <span class='ocrx_word' id='word_1_20' title='bbox 661 444 925 529; x_wconf 83' lang='lat' dir='ltr'>praecipitarentur,</span> <span class='ocrx_word' id='word_1_21' title='bbox 938 445 991 510; x_wconf 70' lang='lat' dir='ltr'>‘alii</span> <span class='ocrx_word' id='word_1_22' title='bbox 1008 449 1039 510; x_wconf 93' lang='lat' dir='ltr'>in</span> <span class='ocrx_word' id='word_1_23' title='bbox 1052 447 1065 485; x_wconf 79' lang='lat'>¹²</span> <span class='ocrx_word' id='word_1_24' title='bbox 1079 451 1215 530; x_wconf 81' lang='lat' dir='ltr'>augustiis</span> <span class='ocrx_word' id='word_1_25' title='bbox 1231 452 1287 524; x_wconf 79' lang='lat' dir='ltr'>ipsa</span> 
     </span>
     <span class='ocr_line' id='line_1_4' title="bbox 142 525 1284 615; baseline 0.003 -22"><span class='ocrx_word' id='word_1_26' title='bbox 142 531 195 593; x_wconf 77' lang='lat' dir='ltr'>sabi</span> <span class='ocrx_word' id='word_1_27' title='bbox 211 541 222 569; x_wconf 72' lang='lat'><em>⁶</em></span> <span class='ocrx_word' id='word_1_28' title='bbox 238 546 423 612; x_wconf 79' lang='lat' dir='ltr'>properantes</span> <span class='ocrx_word' id='word_1_29' title='bbox 437 530 603 604; x_wconf 85' lang='lat' dir='ltr'>officerent,</span> <span class='ocrx_word' id='word_1_30' title='bbox 620 528 720 591; x_wconf 90' lang='lat' dir='ltr'>multis</span> <span class='ocrx_word' id='word_1_31' title='bbox 733 529 838 591; x_wconf 88' lang='lat' dir='ltr'>amisfis</span> <span class='ocrx_word' id='word_1_32' title='bbox 849 532 881 592; x_wconf 92' lang='lat' dir='ltr'>in</span> <span class='ocrx_word' id='word_1_33' title='bbox 892 530 959 593; x_wconf 89' lang='lat' dir='ltr'>loca</span> <span class='ocrx_word' id='word_1_34' title='bbox 975 534 1091 597; x_wconf 86' lang='lat' dir='ltr'>munita</span> <span class='ocrx_word' id='word_1_35' title='bbox 1104 535 1156 596; x_wconf 87' lang='lat' dir='ltr'>sese</span> <span class='ocrx_word' id='word_1_36' title='bbox 1169 525 1284 615; x_wconf 81' lang='lat' dir='ltr'>recipit.</span> 
     </span>
     <span class='ocr_line' id='line_1_5' title="bbox 138 611 1280 697; baseline 0.002 -16"><span class='ocrx_word' id='word_1_37' title='bbox 138 615 296 691; x_wconf 87' lang='lat' dir='ltr'><strong>Metellus,</strong></span> <span class='ocrx_word' id='word_1_38' title='bbox 307 614 417 676; x_wconf 70' lang='lat' dir='ltr'>infesto</span> <span class='ocrx_word' id='word_1_39' title='bbox 428 614 559 695; x_wconf 86' lang='lat' dir='ltr'>negotio,</span> <span class='ocrx_word' id='word_1_40' title='bbox 569 611 721 697; x_wconf 86' lang='lat' dir='ltr'>postquam</span> <span class='ocrx_word' id='word_1_41' title='bbox 731 637 791 677; x_wconf 92' lang='lat' dir='ltr'>nox</span> <span class='ocrx_word' id='word_1_42' title='bbox 801 616 910 692; x_wconf 90' lang='lat' dir='ltr'>aderat,</span> <span class='ocrx_word' id='word_1_43' title='bbox 923 617 954 678; x_wconf 91' lang='lat' dir='ltr'>in</span> <span class='ocrx_word' id='word_1_44' title='bbox 966 619 1059 680; x_wconf 88' lang='lat' dir='ltr'>castra</span> <span class='ocrx_word' id='word_1_45' title='bbox 1070 641 1139 681; x_wconf 92' lang='lat' dir='ltr'>cum</span> <span class='ocrx_word' id='word_1_46' title='bbox 1151 619 1280 682; x_wconf 87' lang='lat' dir='ltr'>exercitu</span> 
     </span>
     <span class='ocr_line' id='line_1_6' title="bbox 139 698 1282 788; baseline 0 -23"><span class='ocrx_word' id='word_1_47' title='bbox 139 702 305 766; x_wconf 84' lang='lat' dir='ltr'>revertitur.</span> <span class='ocrx_word' id='word_1_48' title='bbox 327 698 423 782; x_wconf 77' lang='lat' dir='ltr'>Igitur</span> <span class='ocrx_word' id='word_1_49' title='bbox 435 699 550 780; x_wconf 90' lang='lat' dir='ltr'>postero</span> <span class='ocrx_word' id='word_1_50' title='bbox 564 700 620 774; x_wconf 89' lang='lat' dir='ltr'>die,</span> <span class='ocrx_word' id='word_1_51' title='bbox 633 699 713 783; x_wconf 80' lang='lat' dir='ltr'>priris</span> <span class='ocrx_word' id='word_1_52' title='bbox 729 698 818 783; x_wconf 70' lang='lat' dir='ltr'>quam</span> <span class='ocrx_word' id='word_1_53' title='bbox 833 701 869 762; x_wconf 90' lang='lat' dir='ltr'>ad</span> <span class='ocrx_word' id='word_1_54' title='bbox 884 705 1115 784; x_wconf 87' lang='lat' dir='ltr'>oppugnandum</span> <span class='ocrx_word' id='word_1_55' title='bbox 1130 707 1282 788; x_wconf 66' lang='lat' dir='ltr'>egredere-</span> 
     </span>
     <span class='ocr_line' id='line_1_7' title="bbox 142 784 1365 872; baseline 0.002 -23"><span class='ocrx_word' id='word_1_56' title='bbox 142 802 202 864; x_wconf 89' lang='lat' dir='ltr'>tur,</span> <span class='ocrx_word' id='word_1_57' title='bbox 214 784 376 868; x_wconf 81' lang='lat' dir='ltr'>equitatum</span> <span class='ocrx_word' id='word_1_58' title='bbox 390 805 510 847; x_wconf 90' lang='lat' dir='ltr'>omnem</span> <span class='ocrx_word' id='word_1_59' title='bbox 526 784 557 844; x_wconf 92' lang='lat' dir='ltr'>in</span> <span class='ocrx_word' id='word_1_60' title='bbox 572 786 608 846; x_wconf 71' lang='lat' dir='ltr'>ea</span> <span class='ocrx_word' id='word_1_61' title='bbox 623 799 714 864; x_wconf 85' lang='lat' dir='ltr'>parte,</span> <span class='ocrx_word' id='word_1_62' title='bbox 727 790 787 866; x_wconf 84' lang='lat' dir='ltr'>qua</span> <span class='ocrx_word' id='word_1_63' title='bbox 801 785 877 870; x_wconf 85' lang='lat' dir='ltr'>regis</span> <span class='ocrx_word' id='word_1_64' title='bbox 892 786 1036 850; x_wconf 88' lang='lat' dir='ltr'>adventus</span> <span class='ocrx_word' id='word_1_65' title='bbox 1050 799 1145 863; x_wconf 92' lang='lat' dir='ltr'>erat,¹</span> <span class='ocrx_word' id='word_1_66' title='bbox 1162 813 1215 872; x_wconf 92' lang='lat' dir='ltr'>pro</span> <span class='ocrx_word' id='word_1_67' title='bbox 1230 814 1283 852; x_wconf 89' lang='lat' dir='ltr'>ca·</span> <span class='ocrx_word' id='word_1_68' title='bbox 1360 848 1365 858; x_wconf 86' lang='lat'>‚</span> 
     </span>
     <span class='ocr_line' id='line_1_8' title="bbox 142 872 1322 956; baseline 0.002 -20"><span class='ocrx_word' id='word_1_69' title='bbox 142 872 208 936; x_wconf 80' lang='lat' dir='ltr'>stris</span> <span class='ocrx_word' id='word_1_70' title='bbox 227 872 455 956; x_wconf 82' lang='lat' dir='ltr'>agitarejubet:</span> <span class='ocrx_word' id='word_1_71' title='bbox 479 883 589 949; x_wconf 83' lang='lat' dir='ltr'>portas,</span> <span class='ocrx_word' id='word_1_72' title='bbox 612 886 642 932; x_wconf 91' lang='lat' dir='ltr'>et</span> <span class='ocrx_word' id='word_1_73' title='bbox 662 873 799 952; x_wconf 86' lang='lat' dir='ltr'>proxima</span> <span class='ocrx_word' id='word_1_74' title='bbox 818 872 883 933; x_wconf 87' lang='lat' dir='ltr'>loca</span> <span class='ocrx_word' id='word_1_75' title='bbox 898 873 1022 943; x_wconf 83' lang='lat' dir='ltr'>tribunis</span> <span class='ocrx_word' id='word_1_76' title='bbox 1042 874 1190 954; x_wconf 83' lang='lat' dir='ltr'>dispertit:</span> <span class='ocrx_word' id='word_1_77' title='bbox 1214 877 1283 938; x_wconf 88' lang='lat' dir='ltr'>dein</span> <span class='ocrx_word' id='word_1_78' title='bbox 1320 948 1322 952; x_wconf 21' lang='lat'><strong>¹</strong></span> 
     </span>
     <span class='ocr_line' id='line_1_9' title="bbox 141 953 1281 1043; baseline 0.001 -23"><span class='ocrx_word' id='word_1_79' title='bbox 141 959 201 1039; x_wconf 86' lang='lat' dir='ltr'>ipse</span> <span class='ocrx_word' id='word_1_80' title='bbox 216 958 310 1040; x_wconf 88' lang='lat' dir='ltr'>pergit</span> <span class='ocrx_word' id='word_1_81' title='bbox 325 960 360 1022; x_wconf 89' lang='lat' dir='ltr'>ad</span> <span class='ocrx_word' id='word_1_82' title='bbox 375 957 528 1036; x_wconf 86' lang='lat' dir='ltr'>oppidum,</span> <span class='ocrx_word' id='word_1_83' title='bbox 549 969 649 1037; x_wconf 84' lang='lat' dir='ltr'>atque,</span> <span class='ocrx_word' id='word_1_84' title='bbox 671 953 713 1018; x_wconf 85' lang='lat' dir='ltr'>uti</span> <span class='ocrx_word' id='word_1_85' title='bbox 733 957 875 1038; x_wconf 83' lang='lat' dir='ltr'>superiore</span> <span class='ocrx_word' id='word_1_86' title='bbox 888 956 946 1036; x_wconf 88' lang='lat' dir='ltr'>die,</span> <span class='ocrx_word' id='word_1_87' title='bbox 968 978 1087 1041; x_wconf 87' lang='lat' dir='ltr'>mutum</span> <span class='ocrx_word' id='word_1_88' title='bbox 1102 962 1281 1043; x_wconf 83' lang='lat' dir='ltr'><strong>aggreditur.</strong></span> 
     </span>
     <span class='ocr_line' id='line_1_10' title="bbox 89 1030 1282 1126; baseline 0 -20"><span class='ocrx_word' id='word_1_89' title='bbox 89 1044 91 1053; x_wconf 58' lang='lat'><strong><em>⁴</em></strong></span> <span class='ocrx_word' id='word_1_90' title='bbox 143 1042 268 1106; x_wconf 81' lang='lat' dir='ltr'>Interim</span> <span class='ocrx_word' id='word_1_91' title='bbox 285 1041 435 1125; x_wconf 82' lang='lat' dir='ltr'>Jugurtba</span> <span class='ocrx_word' id='word_1_92' title='bbox 449 1061 486 1103; x_wconf 82' lang='lat' dir='ltr'>ex</span> <span class='ocrx_word' id='word_1_93' title='bbox 500 1030 619 1102; x_wconf 88' lang='lat' dir='ltr'>occulto</span> <span class='ocrx_word' id='word_1_94' title='bbox 632 1039 752 1122; x_wconf 72' lang='lat' dir='ltr'>repente</span> <span class='ocrx_word' id='word_1_95' title='bbox 767 1039 880 1104; x_wconf 84' lang='lat' dir='ltr'>nostros</span> <span class='ocrx_word' id='word_1_96' title='bbox 896 1043 1016 1106; x_wconf 89' lang='lat' dir='ltr'>invadit.</span> <span class='ocrx_word' id='word_1_97' title='bbox 1035 1044 1038 1061; x_wconf 95' lang='lat'>&#39;</span> <span class='ocrx_word' id='word_1_98' title='bbox 1060 1043 1123 1126; x_wconf 80' lang='lat' dir='ltr'>Qu</span> <span class='ocrx_word' id='word_1_99' title='bbox 1139 1048 1168 1107; x_wconf 92' lang='lat' dir='ltr'>in</span> <span class='ocrx_word' id='word_1_100' title='bbox 1184 1046 1282 1126; x_wconf 85' lang='lat' dir='ltr'>ptimo</span> 
     </span>
     <span class='ocr_line' id='line_1_11' title="bbox 141 1126 1280 1212; baseline 0.001 -22"><span class='ocrx_word' id='word_1_101' title='bbox 141 1127 232 1191; x_wconf 90' lang='lat' dir='ltr'>locati</span> <span class='ocrx_word' id='word_1_102' title='bbox 247 1127 374 1205; x_wconf 81' lang='lat' dir='ltr'>fuerant,</span> <span class='ocrx_word' id='word_1_103' title='bbox 396 1126 538 1207; x_wconf 81' lang='lat' dir='ltr'>paulisper</span> <span class='ocrx_word' id='word_1_104' title='bbox 552 1127 642 1188; x_wconf 85' lang='lat' dir='ltr'>territi</span> <span class='ocrx_word' id='word_1_105' title='bbox 661 1127 885 1205; x_wconf 84' lang='lat' dir='ltr'>perturbantur:</span> <span class='ocrx_word' id='word_1_106' title='bbox 901 1127 1006 1212; x_wconf 86' lang='lat' dir='ltr'>reliqui</span> <span class='ocrx_word' id='word_1_107' title='bbox 1021 1129 1082 1190; x_wconf 68' lang='grc' dir='ltr'>εἰτὸ</span> <span class='ocrx_word' id='word_1_108' title='bbox 1096 1129 1280 1193; x_wconf 85' lang='lat' dir='ltr'>subveniunt.</span> 
     </span>
     <span class='ocr_line' id='line_1_12' title="bbox 141 1209 1279 1309; baseline 0 -33"><span class='ocrx_word' id='word_1_109' title='bbox 141 1212 256 1295; x_wconf 86' lang='lat' dir='ltr'>Neque</span> <span class='ocrx_word' id='word_1_110' title='bbox 280 1212 389 1275; x_wconf 90' lang='lat' dir='ltr'>diutius</span> <span class='ocrx_word' id='word_1_111' title='bbox 415 1209 558 1273; x_wconf 79' lang='lat' dir='ltr'>Numidae</span> <span class='ocrx_word' id='word_1_112' title='bbox 573 1211 698 1274; x_wconf 84' lang='lat' dir='ltr'>resistere</span> <span class='ocrx_word' id='word_1_113' title='bbox 724 1211 891 1290; x_wconf 75' lang='lat' dir='ltr'>quivissent,</span> <span class='ocrx_word' id='word_1_114' title='bbox 914 1215 944 1275; x_wconf 94' lang='lat' dir='ltr'>ni</span> <span class='ocrx_word' id='word_1_115' title='bbox 960 1215 1067 1295; x_wconf 87' lang='lat' dir='ltr'>pedites</span> <span class='ocrx_word' id='word_1_116' title='bbox 1083 1232 1151 1276; x_wconf 88' lang='lat' dir='ltr'>eum</span> <span class='ocrx_word' id='word_1_117' title='bbox 1167 1217 1279 1309; x_wconf 89' lang='lat' dir='ltr'>equiti-</span> 
     </span>
     <span class='ocr_line' id='line_1_13' title="bbox 140 1294 1282 1381; baseline -0.003 -18"><span class='ocrx_word' id='word_1_118' title='bbox 140 1299 199 1363; x_wconf 79' lang='lat' dir='ltr'>bus</span> <span class='ocrx_word' id='word_1_119' title='bbox 214 1299 351 1378; x_wconf 87' lang='lat' dir='ltr'>permixti</span> <span class='ocrx_word' id='word_1_120' title='bbox 367 1315 506 1379; x_wconf 84' lang='lat' dir='ltr'>magnam</span> <span class='ocrx_word' id='word_1_121' title='bbox 522 1297 635 1359; x_wconf 85' lang='lat' dir='ltr'>cladem</span> <span class='ocrx_word' id='word_1_122' title='bbox 652 1294 850 1380; x_wconf 83' lang='lat' dir='ltr'>in&#39;congtessu</span> <span class='ocrx_word' id='word_1_123' title='bbox 865 1301 1011 1361; x_wconf 85' lang='lat' dir='ltr'>facerent:</span> <span class='ocrx_word' id='word_1_124' title='bbox 1025 1300 1129 1381; x_wconf 78' lang='lat' dir='ltr'>quibus</span> <span class='ocrx_word' id='word_1_125' title='bbox 1145 1300 1184 1361; x_wconf 94' lang='lat' dir='ltr'>illi</span> <span class='ocrx_word' id='word_1_126' title='bbox 1201 1303 1282 1376; x_wconf 85' lang='lat' dir='ltr'>freti,</span> 
     </span>
     <span class='ocr_line' id='line_1_14' title="bbox 142 1382 1280 1466; baseline -0.001 -18"><span class='ocrx_word' id='word_1_127' title='bbox 142 1405 206 1448; x_wconf 87' lang='lat' dir='ltr'>non</span> <span class='ocrx_word' id='word_1_128' title='bbox 223 1399 255 1445; x_wconf 92' lang='lat' dir='ltr'>ut</span> <span class='ocrx_word' id='word_1_129' title='bbox 269 1383 393 1465; x_wconf 88' lang='lat' dir='ltr'>equestri</span> <span class='ocrx_word' id='word_1_130' title='bbox 409 1383 514 1462; x_wconf 87' lang='lat' dir='ltr'>proelio</span> <span class='ocrx_word' id='word_1_131' title='bbox 530 1382 610 1458; x_wconf 84' lang='lat' dir='ltr'>solet,</span> <span class='ocrx_word' id='word_1_132' title='bbox 632 1382 725 1463; x_wconf 87' lang='lat' dir='ltr'>sequi,</span> <span class='ocrx_word' id='word_1_133' title='bbox 747 1384 814 1445; x_wconf 91' lang='lat' dir='ltr'>dein</span> <span class='ocrx_word' id='word_1_134' title='bbox 829 1385 951 1461; x_wconf 84' lang='lat' dir='ltr'>cedere3</span> <span class='ocrx_word' id='word_1_135' title='bbox 967 1385 1013 1446; x_wconf 89' lang='lat' dir='ltr'>sed</span> <span class='ocrx_word' id='word_1_136' title='bbox 1028 1385 1041 1421; x_wconf 70' lang='lat'>‘¹</span> <span class='ocrx_word' id='word_1_137' title='bbox 1056 1383 1178 1448; x_wconf 84' lang='lat' dir='ltr'>adversts</span> <span class='ocrx_word' id='word_1_138' title='bbox 1193 1386 1280 1466; x_wconf 87' lang='lat' dir='ltr'>equis</span> 
     </span>
     <span class='ocr_line' id='line_1_15' title="bbox 106 1466 1281 1552; baseline 0.003 -23"><span class='ocrx_word' id='word_1_139' title='bbox 106 1504 120 1547; x_wconf 57' lang='lat' dir='ltr'><em>g</em></span> <span class='ocrx_word' id='word_1_140' title='bbox 141 1489 329 1544; x_wconf 82' lang='lat' dir='ltr'>concurrere,</span> <span class='ocrx_word' id='word_1_141' title='bbox 352 1470 512 1550; x_wconf 87' lang='lat' dir='ltr'>implicare,</span> <span class='ocrx_word' id='word_1_142' title='bbox 534 1489 570 1530; x_wconf 90' lang='lat' dir='ltr'>ac</span> <span class='ocrx_word' id='word_1_143' title='bbox 594 1466 760 1547; x_wconf 89' lang='lat' dir='ltr'>perturbare</span> <span class='ocrx_word' id='word_1_144' title='bbox 786 1470 901 1532; x_wconf 87' lang='lat' dir='ltr'>aciem:</span> <span class='ocrx_word' id='word_1_145' title='bbox 936 1472 989 1546; x_wconf 84' lang='lat' dir='ltr'>ita,</span> <span class='ocrx_word' id='word_1_146' title='bbox 1011 1473 1156 1552; x_wconf 75' lang='lat' dir='ltr'>expeditis·</span> <span class='ocrx_word' id='word_1_147' title='bbox 1176 1473 1281 1550; x_wconf 91' lang='lat' dir='ltr'>pediti-</span> 
     </span>
     <span class='ocr_line' id='line_1_16' title="bbox 140 1552 1337 1638; baseline 0.002 -24"><span class='ocrx_word' id='word_1_148' title='bbox 140 1553 197 1614; x_wconf 89' lang='lat' dir='ltr'>bus</span> <span class='ocrx_word' id='word_1_149' title='bbox 214 1554 283 1630; x_wconf 88' lang='lat' dir='ltr'>suis‚</span> <span class='ocrx_word' id='word_1_150' title='bbox 307 1553 409 1634; x_wconf 74' lang='lat' dir='ltr'>bostis,</span> <span class='ocrx_word' id='word_1_151' title='bbox 434 1553 533 1633; x_wconf 74' lang='lat' dir='ltr'>epene</span> <span class='ocrx_word' id='word_1_152' title='bbox 550 1554 643 1616; x_wconf 76' lang='lat' dir='ltr'>vidlos</span> <span class='ocrx_word' id='word_1_153' title='bbox 658 1554 734 1614; x_wconf 86' lang='lat' dir='ltr'>dare.</span> <span class='ocrx_word' id='word_1_154' title='bbox 779 1552 894 1616; x_wconf 85' lang='lat' dir='ltr'>Eodem</span> <span class='ocrx_word' id='word_1_155' title='bbox 910 1567 1041 1638; x_wconf 89' lang='lat' dir='ltr'>tempore</span> <span class='ocrx_word' id='word_1_156' title='bbox 1056 1558 1132 1637; x_wconf 86' lang='lat' dir='ltr'>apud</span> <span class='ocrx_word' id='word_1_157' title='bbox 1150 1557 1279 1621; x_wconf 87' lang='lat' dir='ltr'>Zamam</span> <span class='ocrx_word' id='word_1_158' title='bbox 1330 1620 1337 1629; x_wconf 62' lang='grc'>,</span> 
     </span>
     <span class='ocr_line' id='line_1_17' title="bbox 140 1637 1281 1725; baseline -0.001 -23"><span class='ocrx_word' id='word_1_159' title='bbox 140 1641 253 1722; x_wconf 74' lang='lat' dir='ltr'>magnai</span> <span class='ocrx_word' id='word_1_160' title='bbox 266 1643 296 1703; x_wconf 89' lang='lat' dir='ltr'>vi</span> <span class='ocrx_word' id='word_1_161' title='bbox 312 1640 484 1701; x_wconf 81' lang='lat' dir='ltr'>certabatur.</span> <span class='ocrx_word' id='word_1_162' title='bbox 530 1637 594 1700; x_wconf 90' lang='lat' dir='ltr'>Ubi</span> <span class='ocrx_word' id='word_1_163' title='bbox 621 1639 739 1725; x_wconf 85' lang='lat' dir='ltr'>quisque</span> <span class='ocrx_word' id='word_1_164' title='bbox 765 1637 890 1721; x_wconf 84' lang='lat' dir='ltr'>legatus,</span> <span class='ocrx_word' id='word_1_165' title='bbox 911 1656 963 1702; x_wconf 90' lang='lat' dir='ltr'>aut</span> <span class='ocrx_word' id='word_1_166' title='bbox 987 1641 1121 1703; x_wconf 88' lang='lat' dir='ltr'>tribunus</span> <span class='ocrx_word' id='word_1_167' title='bbox 1147 1642 1281 1718; x_wconf 90' lang='lat' dir='ltr'>curabat,</span> 
     </span>
     <span class='ocr_line' id='line_1_18' title="bbox 75 1723 1279 1811; baseline -0.001 -23"><span class='ocrx_word' id='word_1_168' title='bbox 75 1756 86 1779; x_wconf 83' lang='lat'>·.</span> <span class='ocrx_word' id='word_1_169' title='bbox 139 1724 180 1788; x_wconf 84' lang='lat' dir='ltr'>eb</span> <span class='ocrx_word' id='word_1_170' title='bbox 204 1725 345 1790; x_wconf 71' lang='lat' dir='ltr'>acerrime</span> <span class='ocrx_word' id='word_1_171' title='bbox 370 1726 437 1799; x_wconf 88' lang='lat' dir='ltr'>niti,</span> <span class='ocrx_word' id='word_1_172' title='bbox 460 1746 558 1811; x_wconf 87' lang='lat' dir='ltr'>neque</span> <span class='ocrx_word' id='word_1_173' title='bbox 584 1724 656 1786; x_wconf 90' lang='lat' dir='ltr'>alius</span> <span class='ocrx_word' id='word_1_174' title='bbox 671 1725 702 1785; x_wconf 93' lang='lat' dir='ltr'>in</span> <span class='ocrx_word' id='word_1_175' title='bbox 727 1724 784 1786; x_wconf 89' lang='lat' dir='ltr'>alio</span> <span class='ocrx_word' id='word_1_176' title='bbox 811 1723 918 1808; x_wconf 82' lang='lat' dir='ltr'>magia,</span> <span class='ocrx_word' id='word_1_177' title='bbox 940 1725 1033 1806; x_wconf 76' lang='lat' dir='ltr'>quam</span> <span class='ocrx_word' id='word_1_178' title='bbox 1057 1727 1087 1787; x_wconf 91' lang='lat' dir='ltr'>in</span> <span class='ocrx_word' id='word_1_179' title='bbox 1113 1726 1179 1803; x_wconf 90' lang='lat' dir='ltr'>sese,</span> <span class='ocrx_word' id='word_1_180' title='bbox 1200 1727 1279 1806; x_wconf 88' lang='lat' dir='ltr'>spem</span> 
     </span>
     <span class='ocr_line' id='line_1_19' title="bbox 142 1810 1279 1892; baseline 0.002 -21"><span class='ocrx_word' id='word_1_181' title='bbox 142 1811 268 1872; x_wconf 89' lang='lat' dir='ltr'>babere:</span> <span class='ocrx_word' id='word_1_182' title='bbox 292 1813 455 1891; x_wconf 84' lang='lat' dir='ltr'>pariterque</span> <span class='ocrx_word' id='word_1_183' title='bbox 469 1810 608 1890; x_wconf 89' lang='lat' dir='ltr'>oppidani</span> <span class='ocrx_word' id='word_1_184' title='bbox 623 1829 720 1892; x_wconf 85' lang='lat' dir='ltr'>agere,</span> <span class='ocrx_word' id='word_1_185' title='bbox 743 1830 883 1891; x_wconf 84' lang='lat' dir='ltr'>pugnate,</span> <span class='ocrx_word' id='word_1_186' title='bbox 903 1825 953 1870; x_wconf 90' lang='lat' dir='ltr'>aut</span> <span class='ocrx_word' id='word_1_187' title='bbox 967 1831 1065 1888; x_wconf 88' lang='lat' dir='ltr'>parate</span> <span class='ocrx_word' id='word_1_188' title='bbox 1079 1810 1216 1872; x_wconf 89' lang='lat' dir='ltr'>omnibu&#39;s</span> <span class='ocrx_word' id='word_1_189' title='bbox 1231 1811 1279 1873; x_wconf 91' lang='lat' dir='ltr'>lo-</span> 
     </span>
     <span class='ocr_line' id='line_1_20' title="bbox 143 1893 1279 1978; baseline 0.001 -22"><span class='ocrx_word' id='word_1_190' title='bbox 143 1899 186 1958; x_wconf 88' lang='lat' dir='ltr'>cis</span> <span class='ocrx_word' id='word_1_191' title='bbox 201 1917 208 1957; x_wconf 90' lang='lat'>:</span> <span class='ocrx_word' id='word_1_192' title='bbox 225 1897 336 1958; x_wconf 83' lang='lat' dir='ltr'>avidiiis</span> <span class='ocrx_word' id='word_1_193' title='bbox 351 1896 431 1956; x_wconf 90' lang='lat' dir='ltr'>alteri</span> <span class='ocrx_word' id='word_1_194' title='bbox 446 1895 551 1956; x_wconf 86' lang='lat' dir='ltr'>alteros</span> <span class='ocrx_word' id='word_1_195' title='bbox 567 1893 811 1978; x_wconf 39' lang='lat' dir='ltr'>sauciarepquam</span> <span class='ocrx_word' id='word_1_196' title='bbox 827 1894 916 1957; x_wconf 90' lang='lat' dir='ltr'>semet</span> <span class='ocrx_word' id='word_1_197' title='bbox 930 1909 1038 1977; x_wconf 88' lang='lat' dir='ltr'>tegere.</span> <span class='ocrx_word' id='word_1_198' title='bbox 1072 1893 1197 1958; x_wconf 84' lang='lat' dir='ltr'>Clamor</span> <span class='ocrx_word' id='word_1_199' title='bbox 1211 1918 1279 1977; x_wconf 84' lang='lat' dir='ltr'>per·</span> 
     </span>
     <span class='ocr_line' id='line_1_21' title="bbox 141 1979 1279 2062; baseline 0.002 -22"><span class='ocrx_word' id='word_1_200' title='bbox 141 1982 266 2055; x_wconf 74' lang='lat' dir='ltr'>mixtuS,</span> <span class='ocrx_word' id='word_1_201' title='bbox 290 1982 465 2057; x_wconf 77' lang='lat' dir='ltr'>hortatione,</span> <span class='ocrx_word' id='word_1_202' title='bbox 486 1981 602 2057; x_wconf 76' lang='lat' dir='ltr'>laetitia,</span> <span class='ocrx_word' id='word_1_203' title='bbox 632 1982 763 2062; x_wconf 83' lang='lat' dir='ltr'>gemitu:</span> <span class='ocrx_word' id='word_1_204' title='bbox 798 1980 870 2043; x_wconf 89' lang='lat' dir='ltr'>item</span> <span class='ocrx_word' id='word_1_205' title='bbox 893 1979 1027 2061; x_wconf 91' lang='lat' dir='ltr'>strepitus</span> <span class='ocrx_word' id='word_1_206' title='bbox 1051 2003 1212 2056; x_wconf 85' lang='lat' dir='ltr'>armorum,</span> <span class='ocrx_word' id='word_1_207' title='bbox 1243 1981 1279 2042; x_wconf 94' lang='lat' dir='ltr'>ad</span> 
     </span>
     <span class='ocr_line' id='line_1_22' title="bbox 64 2065 1279 2147; baseline 0.002 -22"><span class='ocrx_word' id='word_1_208' title='bbox 64 2128 70 2136; x_wconf 52' lang='grc'>,</span> <span class='ocrx_word' id='word_1_209' title='bbox 142 2067 255 2126; x_wconf 81' lang='lat' dir='ltr'>coelunt</span> <span class='ocrx_word' id='word_1_210' title='bbox 276 2067 362 2128; x_wconf 86' lang='lat' dir='ltr'>fetri:</span> <span class='ocrx_word' id='word_1_211' title='bbox 386 2067 442 2127; x_wconf 91' lang='lat' dir='ltr'>tela</span> <span class='ocrx_word' id='word_1_212' title='bbox 466 2068 615 2146; x_wconf 91' lang='lat' dir='ltr'>utrimque</span> <span class='ocrx_word' id='word_1_213' title='bbox 634 2067 740 2128; x_wconf 92' lang='lat' dir='ltr'>volare.</span> <span class='ocrx_word' id='word_1_214' title='bbox 786 2065 840 2127; x_wconf 88' lang='lat' dir='ltr'>Sed</span> <span class='ocrx_word' id='word_1_215' title='bbox 863 2065 919 2141; x_wconf 80' lang='lat' dir='ltr'>illi,</span> <span class='ocrx_word' id='word_1_216' title='bbox 939 2066 992 2147; x_wconf 91' lang='lat' dir='ltr'>qui</span> <span class='ocrx_word' id='word_1_217' title='bbox 1016 2069 1128 2130; x_wconf 87' lang='lat' dir='ltr'>moenia</span> <span class='ocrx_word' id='word_1_218' title='bbox 1149 2066 1279 2128; x_wconf 87' lang='lat' dir='ltr'>defensa·</span> 
     </span>
     <span class='ocr_line' id='line_1_23' title="bbox 141 2149 1279 2236; baseline 0.003 -25"><span class='ocrx_word' id='word_1_219' title='bbox 141 2150 225 2228; x_wconf 86' lang='lat' dir='ltr'>bant,</span> <span class='ocrx_word' id='word_1_220' title='bbox 248 2152 296 2212; x_wconf 91' lang='lat' dir='ltr'>ubi</span> <span class='ocrx_word' id='word_1_221' title='bbox 312 2151 407 2213; x_wconf 83' lang='lat' dir='ltr'>hostes</span> <span class='ocrx_word' id='word_1_222' title='bbox 422 2152 576 2233; x_wconf 88' lang='lat' dir='ltr'>paululum</span> <span class='ocrx_word' id='word_1_223' title='bbox 592 2151 681 2213; x_wconf 79' lang='lat' dir='ltr'>modb</span> <span class='ocrx_word' id='word_1_224' title='bbox 696 2174 826 2236; x_wconf 80' lang='lat' dir='ltr'>pugnam</span> <span class='ocrx_word' id='word_1_225' title='bbox 850 2152 1039 2229; x_wconf 82' lang='lat' dir='ltr'>remiserant3</span> <span class='ocrx_word' id='word_1_226' title='bbox 1063 2149 1167 2215; x_wconf 89' lang='lat' dir='ltr'>in&#39;tenti</span> <span class='ocrx_word' id='word_1_227' title='bbox 1194 2174 1279 2233; x_wconf 89' lang='lat' dir='ltr'>proe-</span> 
     </span>
     <span class='ocr_line' id='line_1_24' title="bbox 141 2234 1279 2319; baseline -0.001 -22"><span class='ocrx_word' id='word_1_228' title='bbox 141 2235 215 2297; x_wconf 86' lang='lat' dir='ltr'>lium</span> <span class='ocrx_word' id='word_1_229' title='bbox 230 2234 362 2317; x_wconf 81' lang='lat' dir='ltr'>equestre</span> <span class='ocrx_word' id='word_1_230' title='bbox 378 2235 605 2319; x_wconf 60' lang='lat' dir='ltr'>prospectabant.</span> <span class='ocrx_word' id='word_1_231' title='bbox 650 2234 723 2313; x_wconf 81' lang='lat' dir='ltr'>Eos,</span> <span class='ocrx_word' id='word_1_232' title='bbox 746 2237 789 2297; x_wconf 89' lang='lat' dir='ltr'>uti</span> <span class='ocrx_word' id='word_1_233' title='bbox 804 2257 931 2319; x_wconf 87' lang='lat' dir='ltr'>quaeque</span> <span class='ocrx_word' id='word_1_234' title='bbox 950 2235 1110 2318; x_wconf 88' lang='lat' dir='ltr'>Jugurthae</span> <span class='ocrx_word' id='word_1_235' title='bbox 1125 2257 1168 2297; x_wconf 88' lang='lat' dir='ltr'>res</span> <span class='ocrx_word' id='word_1_236' title='bbox 1183 2251 1279 2312; x_wconf 89' lang='lat' dir='ltr'>erant,</span> 
     </span>
     <span class='ocr_line' id='line_1_25' title="bbox 140 2319 1278 2402; baseline -0.001 -21"><span class='ocrx_word' id='word_1_237' title='bbox 140 2321 226 2382; x_wconf 81' lang='lat' dir='ltr'>laetos</span> <span class='ocrx_word' id='word_1_238' title='bbox 251 2323 353 2393; x_wconf 75' lang='lat' dir='ltr'>modi),</span> <span class='ocrx_word' id='word_1_239' title='bbox 376 2322 465 2384; x_wconf 76' lang='lat' dir='ltr'>modi)</span> <span class='ocrx_word' id='word_1_240' title='bbox 491 2321 611 2402; x_wconf 88' lang='lat' dir='ltr'>pavidos</span> <span class='ocrx_word' id='word_1_241' title='bbox 636 2322 894 2383; x_wconf 84' lang='lat' dir='ltr'>animadverteres:</span> <span class='ocrx_word' id='word_1_242' title='bbox 919 2341 966 2396; x_wconf 87' lang='lat' dir='ltr'>ac,</span> <span class='ocrx_word' id='word_1_243' title='bbox 987 2320 1072 2381; x_wconf 84' lang='lat' dir='ltr'>sicuti</span> <span class='ocrx_word' id='word_1_244' title='bbox 1092 2320 1182 2380; x_wconf 90' lang='lat' dir='ltr'>audiri</span> <span class='ocrx_word' id='word_1_245' title='bbox 1197 2319 1214 2378; x_wconf 72' lang='lat' dir='ltr'>a</span> <span class='ocrx_word' id='word_1_246' title='bbox 1230 2321 1278 2380; x_wconf 90' lang='lat' dir='ltr'>su-</span> 
     </span>
     <span class='ocr_line' id='line_1_26' title="bbox 141 2403 1278 2487; baseline -0.004 -19"><span class='ocrx_word' id='word_1_247' title='bbox 141 2408 179 2481; x_wconf 85' lang='lat' dir='ltr'>is,</span> <span class='ocrx_word' id='word_1_248' title='bbox 202 2420 252 2465; x_wconf 87' lang='lat' dir='ltr'>aut</span> <span class='ocrx_word' id='word_1_249' title='bbox 267 2409 348 2468; x_wconf 88' lang='lat' dir='ltr'>cerni</span> <span class='ocrx_word' id='word_1_250' title='bbox 364 2406 493 2487; x_wconf 86' lang='lat' dir='ltr'>pollent:</span> <span class='ocrx_word' id='word_1_251' title='bbox 517 2427 636 2473; x_wconf 91' lang='lat' dir='ltr'>monere</span> <span class='ocrx_word' id='word_1_252' title='bbox 650 2406 708 2478; x_wconf 90' lang='lat' dir='ltr'>alii,</span> <span class='ocrx_word' id='word_1_253' title='bbox 730 2407 777 2467; x_wconf 86' lang='lat' dir='ltr'>alii</span> <span class='ocrx_word' id='word_1_254' title='bbox 792 2405 912 2480; x_wconf 88' lang='lat' dir='ltr'>hortari,</span> <span class='ocrx_word' id='word_1_255' title='bbox 932 2419 1088 2465; x_wconf 82' lang='lat' dir='ltr'>autmanu</span> <span class='ocrx_word' id='word_1_256' title='bbox 1102 2403 1278 2486; x_wconf 84' lang='lat' dir='ltr'>significare,</span> 
     </span>
     <span class='ocr_line' id='line_1_27' title="bbox 140 2489 1277 2575; baseline -0.004 -22"><span class='ocrx_word' id='word_1_257' title='bbox 140 2504 192 2553; x_wconf 80' lang='lat' dir='ltr'>&#39;aut</span> <span class='ocrx_word' id='word_1_258' title='bbox 207 2489 218 2528; x_wconf 71' lang='lat' dir='ltr'>f</span> <span class='ocrx_word' id='word_1_259' title='bbox 232 2491 285 2553; x_wconf 88' lang='lat' dir='ltr'>niti</span> <span class='ocrx_word' id='word_1_260' title='bbox 309 2494 500 2574; x_wconf 87' lang='lat' dir='ltr'>corporibus:</span> <span class='ocrx_word' id='word_1_261' title='bbox 525 2491 584 2554; x_wconf 79' lang='lat' dir='ltr'>hirc</span> <span class='ocrx_word' id='word_1_262' title='bbox 606 2509 636 2553; x_wconf 90' lang='lat' dir='ltr'>et</span> <span class='ocrx_word' id='word_1_263' title='bbox 656 2489 844 2572; x_wconf 42' lang='lat' dir='ltr'>illuc‚,quas1</span> <span class='ocrx_word' id='word_1_264' title='bbox 863 2489 1026 2564; x_wconf 87' lang='lat' dir='ltr'>vitabundi,</span> <span class='ocrx_word' id='word_1_265' title='bbox 1059 2505 1112 2551; x_wconf 90' lang='lat' dir='ltr'>aut</span> <span class='ocrx_word' id='word_1_266' title='bbox 1129 2490 1277 2575; x_wconf 89' lang='lat' dir='ltr'>jacientes</span> 
     </span>
     <span class='ocr_line' id='line_1_28' title="bbox 140 2573 1279 2660; baseline -0.004 -21"><span class='ocrx_word' id='word_1_267' title='bbox 140 2577 208 2651; x_wconf 88' lang='lat' dir='ltr'>tela,</span> <span class='ocrx_word' id='word_1_268' title='bbox 229 2573 364 2660; x_wconf 81' lang='lat' dir='ltr'>agitare..</span> <span class='ocrx_word' id='word_1_269' title='bbox 396 2579 487 2660; x_wconf 73' lang='lat' dir='ltr'>Qvod</span> <span class='ocrx_word' id='word_1_270' title='bbox 514 2578 561 2638; x_wconf 91' lang='lat' dir='ltr'>ubi</span> <span class='ocrx_word' id='word_1_271' title='bbox 587 2576 687 2638; x_wconf 84' lang='lat' dir='ltr'>Mario</span> <span class='ocrx_word' id='word_1_272' title='bbox 713 2578 867 2659; x_wconf 79' lang='lat' dir='ltr'>cognitum</span> <span class='ocrx_word' id='word_1_273' title='bbox 882 2573 935 2652; x_wconf 86' lang='lat' dir='ltr'>est,</span> <span class='ocrx_word' id='word_1_274' title='bbox 958 2577 1043 2659; x_wconf 90' lang='lat' dir='ltr'>(nam</span> <span class='ocrx_word' id='word_1_275' title='bbox 1059 2574 1084 2635; x_wconf 93' lang='lat' dir='ltr'>is</span> <span class='ocrx_word' id='word_1_276' title='bbox 1100 2576 1130 2634; x_wconf 95' lang='lat' dir='ltr'>in</span> <span class='ocrx_word' id='word_1_277' title='bbox 1144 2576 1179 2634; x_wconf 74' lang='lat' dir='ltr'>ea</span> <span class='ocrx_word' id='word_1_278' title='bbox 1196 2591 1279 2656; x_wconf 89' lang='lat' dir='ltr'>parte</span> 
     </span>
     <span class='ocr_line' id='line_1_29' title="bbox 141 2658 1278 2745; baseline -0.003 -21"><span class='ocrx_word' id='word_1_279' title='bbox 141 2662 280 2742; x_wconf 85' lang='lat' dir='ltr'>curabat)</span> <span class='ocrx_word' id='word_1_280' title='bbox 298 2665 430 2725; x_wconf 89' lang='lat' dir='ltr'>consulto</span> <span class='ocrx_word' id='word_1_281' title='bbox 445 2663 540 2724; x_wconf 80' lang='lat' dir='ltr'>lenitis</span> <span class='ocrx_word' id='word_1_282' title='bbox 554 2685 650 2745; x_wconf 86' lang='lat' dir='ltr'>agere,</span> <span class='ocrx_word' id='word_1_283' title='bbox 663 2683 697 2722; x_wconf 88' lang='lat' dir='ltr'>ac</span> <span class='ocrx_word' id='word_1_284' title='bbox 709 2663 899 2732; x_wconf 84' lang='lat' dir='ltr'>diffidentiam</span> <span class='ocrx_word' id='word_1_285' title='bbox 911 2660 952 2722; x_wconf 90' lang='lat' dir='ltr'>tei</span> <span class='ocrx_word' id='word_1_286' title='bbox 966 2658 1117 2721; x_wconf 75' lang='lat' dir='ltr'>simulate:</span> <span class='ocrx_word' id='word_1_287' title='bbox 1131 2660 1189 2740; x_wconf 88' lang='lat' dir='ltr'>pati</span> <span class='ocrx_word' id='word_1_288' title='bbox 1207 2659 1278 2721; x_wconf 93' lang='lat' dir='ltr'>Nu-</span> 
     </span>
     <span class='ocr_line' id='line_1_30' title="bbox 142 2744 1279 2833; baseline -0.004 -24"><span class='ocrx_word' id='word_1_289' title='bbox 142 2748 236 2809; x_wconf 89' lang='lat' dir='ltr'>midas</span> <span class='ocrx_word' id='word_1_290' title='bbox 257 2748 315 2821; x_wconf 74' lang='lat' dir='ltr'>srne</span> <span class='ocrx_word' id='word_1_291' title='bbox 338 2750 484 2827; x_wconf 88' lang='lat' dir='ltr'>tumultu,</span> <span class='ocrx_word' id='word_1_292' title='bbox 505 2750 581 2833; x_wconf 86' lang='lat' dir='ltr'>regis</span> <span class='ocrx_word' id='word_1_293' title='bbox 596 2749 736 2831; x_wconf 85' lang='lat' dir='ltr'>proelium</span> <span class='ocrx_word' id='word_1_294' title='bbox 759 2748 859 2812; x_wconf 85' lang='lat' dir='ltr'>visere.</span> <span class='ocrx_word' id='word_1_295' title='bbox 889 2744 962 2823; x_wconf 48' lang='lat' dir='ltr'>¹Ita,</span> <span class='ocrx_word' id='word_1_296' title='bbox 983 2745 1039 2809; x_wconf 86' lang='lat' dir='ltr'>illis</span> <span class='ocrx_word' id='word_1_297' title='bbox 1054 2744 1148 2809; x_wconf 86' lang='lat' dir='ltr'>studio</span> <span class='ocrx_word' id='word_1_298' title='bbox 1162 2745 1279 2807; x_wconf 88' lang='lat' dir='ltr'>suorum</span> 
     </span>
    </p>
   </div>
   <div class='ocr_carea' id='block_1_3' title="bbox 273 2955 282 2980">
    <p class='ocr_par' dir='ltr' id='par_1_3' title="bbox 273 2955 282 2980">
     <span class='ocr_line' id='line_1_31' title="bbox 273 2955 282 2980; baseline 0 0"><span class='ocrx_word' id='word_1_299' title='bbox 273 2955 282 2980; x_wconf 84' lang='grc' dir='ltr'><em>Ι</em></span> 
     </span>
    </p>
   </div>
   <div class='ocr_carea' id='block_1_4' title="bbox 554 3005 866 3057">
    <p class='ocr_par' dir='ltr' id='par_1_4' title="bbox 554 3005 866 3057">
     <span class='ocr_line' id='line_1_32' title="bbox 554 3005 866 3057; baseline 0.032 -11"><span class='ocrx_word' id='word_1_300' title='bbox 554 3005 866 3057; x_wconf 77' lang='lat' dir='ltr'>INTERPRETATIO·</span> 
     </span>
    </p>
   </div>
   <div class='ocr_carea' id='block_1_5' title="bbox 140 3142 1304 3408">
    <p class='ocr_par' dir='ltr' id='par_1_5' title="bbox 140 3142 1304 3408">
     <span class='ocr_line' id='line_1_33' title="bbox 182 3142 1279 3234; baseline 0.006 -28"><span class='ocrx_word' id='word_1_301' title='bbox 182 3149 196 3187; x_wconf 44' lang='lat'>*¹</span> <span class='ocrx_word' id='word_1_302' title='bbox 216 3142 306 3232; x_wconf 71' lang='lat' dir='ltr'>Jubet</span> <span class='ocrx_word' id='word_1_303' title='bbox 331 3164 429 3209; x_wconf 69' lang='lat' dir='ltr'>munem</span> <span class='ocrx_word' id='word_1_304' title='bbox 452 3142 602 3228; x_wconf 80' lang='lat' dir='ltr'>equitatum</span> <span class='ocrx_word' id='word_1_305' title='bbox 628 3167 690 3205; x_wconf 79' lang='lat' dir='ltr'>rna·</span> <span class='ocrx_word' id='word_1_306' title='bbox 772 3150 787 3178; x_wconf 75' lang='lat'>²</span> <span class='ocrx_word' id='word_1_307' title='bbox 805 3147 841 3210; x_wconf 85' lang='lat' dir='ltr'>In</span> <span class='ocrx_word' id='word_1_308' title='bbox 865 3146 936 3210; x_wconf 81' lang='lat' dir='ltr'>hanc</span> <span class='ocrx_word' id='word_1_309' title='bbox 950 3165 976 3214; x_wconf 80' lang='lat' dir='ltr'>et</span> <span class='ocrx_word' id='word_1_310' title='bbox 990 3148 1067 3214; x_wconf 82' lang='lat' dir='ltr'>illam</span> <span class='ocrx_word' id='word_1_311' title='bbox 1088 3165 1196 3234; x_wconf 81' lang='lat' dir='ltr'>portem</span> <span class='ocrx_word' id='word_1_312' title='bbox 1220 3175 1279 3215; x_wconf 70' lang='lat' dir='ltr'>vtro-</span> 
     </span>
     <span class='ocr_line' id='line_1_34' title="bbox 141 3230 1304 3319; baseline 0.008 -30"><span class='ocrx_word' id='word_1_313' title='bbox 141 3248 206 3293; x_wconf 82' lang='lat' dir='ltr'>nere</span> <span class='ocrx_word' id='word_1_314' title='bbox 227 3245 291 3292; x_wconf 82' lang='lat' dir='ltr'>ante</span> <span class='ocrx_word' id='word_1_315' title='bbox 305 3233 409 3316; x_wconf 71' lang='lat' dir='ltr'>cestra,</span> <span class='ocrx_word' id='word_1_316' title='bbox 431 3232 460 3294; x_wconf 82' lang='lat' dir='ltr'>iu</span> <span class='ocrx_word' id='word_1_317' title='bbox 475 3231 506 3294; x_wconf 77' lang='lat' dir='ltr'>ecl</span> <span class='ocrx_word' id='word_1_318' title='bbox 517 3244 612 3316; x_wconf 79' lang='lat' dir='ltr'>purte,</span> <span class='ocrx_word' id='word_1_319' title='bbox 635 3230 691 3311; x_wconf 72' lang='lat' dir='ltr'>quei</span> <span class='ocrx_word' id='word_1_320' title='bbox 728 3232 831 3295; x_wconf 81' lang='lat' dir='ltr'>vehant</span> <span class='ocrx_word' id='word_1_321' title='bbox 853 3248 960 3318; x_wconf 82' lang='lat' dir='ltr'>corpus,</span> <span class='ocrx_word' id='word_1_322' title='bbox 993 3237 1072 3319; x_wconf 79' lang='lat' dir='ltr'>quast</span> <span class='ocrx_word' id='word_1_323' title='bbox 1092 3239 1198 3315; x_wconf 82' lang='lat' dir='ltr'>vitare,</span> <span class='ocrx_word' id='word_1_324' title='bbox 1229 3252 1304 3301; x_wconf 53' lang='lat' dir='ltr'>aar*</span> 
     </span>
     <span class='ocr_line' id='line_1_35' title="bbox 140 3316 1070 3408; baseline 0.003 -29"><span class='ocrx_word' id='word_1_325' title='bbox 140 3337 191 3389; x_wconf 80' lang='lat' dir='ltr'>rex</span> <span class='ocrx_word' id='word_1_326' title='bbox 203 3317 355 3387; x_wconf 80' lang='lat' dir='ltr'>adventare</span> <span class='ocrx_word' id='word_1_327' title='bbox 365 3331 481 3402; x_wconf 78' lang='lat' dir='ltr'>poterat.</span> <span class='ocrx_word' id='word_1_328' title='bbox 720 3316 829 3399; x_wconf 74' lang='lat' dir='ltr'>jacere,</span> <span class='ocrx_word' id='word_1_329' title='bbox 851 3319 906 3384; x_wconf 82' lang='lat' dir='ltr'>tela</span> <span class='ocrx_word' id='word_1_330' title='bbox 920 3320 1070 3408; x_wconf 61' lang='lat' dir='ltr'>debussent.</span> 
     </span>
    </p>
   </div>
   <div class='ocr_carea' id='block_1_6' title="bbox 641 3571 768 3625">
    <p class='ocr_par' dir='ltr' id='par_1_6' title="bbox 641 3571 768 3625">
     <span class='ocr_line' id='line_1_36' title="bbox 641 3571 768 3625; baseline -0.024 -1"><span class='ocrx_word' id='word_1_331' title='bbox 641 3571 768 3625; x_wconf 83' lang='lat' dir='ltr'><strong>NOTAE.</strong></span> 
     </span>
    </p>
   </div>
   <div class='ocr_carea' id='block_1_7' title="bbox 100 3689 1362 4282">
    <p class='ocr_par' dir='ltr' id='par_1_7' title="bbox 100 3689 1368 4282">
     <span class='ocr_line' id='line_1_37' title="bbox 173 3689 1278 3758; baseline -0.001 -21"><span class='ocrx_word' id='word_1_332' title='bbox 173 3689 347 3754; x_wconf 70' lang='lat' dir='ltr'>&#39;MunimentaJ</span> <span class='ocrx_word' id='word_1_333' title='bbox 365 3694 437 3748; x_wconf 79' lang='lat' dir='ltr'>Vallo,</span> <span class='ocrx_word' id='word_1_334' title='bbox 454 3693 518 3750; x_wconf 66' lang='lat' dir='ltr'>sossi,</span> <span class='ocrx_word' id='word_1_335' title='bbox 535 3699 578 3742; x_wconf 72' lang='lat' dir='ltr'>&amp;o</span> <span class='ocrx_word' id='word_1_336' title='bbox 764 3704 776 3730; x_wconf 68' lang='grc' dir='ltr'>θ</span> <span class='ocrx_word' id='word_1_337' title='bbox 795 3695 875 3758; x_wconf 56' lang='lat' dir='ltr'>Pena]</span> <span class='ocrx_word' id='word_1_338' title='bbox 907 3693 973 3742; x_wconf 73' lang='lat' dir='ltr'>Certd</span> <span class='ocrx_word' id='word_1_339' title='bbox 992 3693 1081 3741; x_wconf 82' lang='lat' dir='ltr'>difficile</span> <span class='ocrx_word' id='word_1_340' title='bbox 1098 3701 1144 3739; x_wconf 86' lang='lat' dir='ltr'>erat</span> <span class='ocrx_word' id='word_1_341' title='bbox 1161 3691 1278 3746; x_wconf 84' lang='lat' dir='ltr'>Romanis,</span> 
     </span>
     <span class='ocr_line' id='line_1_38' title="bbox 174 3752 1278 3820; baseline 0.001 -19"><span class='ocrx_word' id='word_1_342' title='bbox 174 3752 329 3820; x_wconf 65' lang='lat' dir='ltr'>Magistro]</span> <span class='ocrx_word' id='word_1_343' title='bbox 348 3760 472 3813; x_wconf 88' lang='lat' dir='ltr'>Portarum,</span> <span class='ocrx_word' id='word_1_344' title='bbox 489 3759 578 3805; x_wconf 87' lang='lat' dir='ltr'>scilieet.</span> <span class='ocrx_word' id='word_1_345' title='bbox 732 3759 796 3805; x_wconf 85' lang='lat' dir='ltr'>simul</span> <span class='ocrx_word' id='word_1_346' title='bbox 816 3758 919 3805; x_wconf 85' lang='lat' dir='ltr'>Numidis</span> <span class='ocrx_word' id='word_1_347' title='bbox 938 3759 1045 3816; x_wconf 84' lang='lat' dir='ltr'>peditibus</span> <span class='ocrx_word' id='word_1_348' title='bbox 1057 3766 1084 3802; x_wconf 82' lang='lat' dir='ltr'>et</span> <span class='ocrx_word' id='word_1_349' title='bbox 1101 3757 1207 3816; x_wconf 83' lang='lat' dir='ltr'>equitibus</span> <span class='ocrx_word' id='word_1_350' title='bbox 1224 3757 1278 3802; x_wconf 82' lang='lat' dir='ltr'>resr-</span> 
     </span>
     <span class='ocr_line' id='line_1_39' title="bbox 174 3819 1308 3886; baseline -0.002 -20"><span class='ocrx_word' id='word_1_351' title='bbox 174 3819 361 3886; x_wconf 80' lang='lat' dir='ltr'>cProperanret.]</span> <span class='ocrx_word' id='word_1_352' title='bbox 395 3824 428 3868; x_wconf 83' lang='lat' dir='ltr'>Ita</span> <span class='ocrx_word' id='word_1_353' title='bbox 449 3823 539 3868; x_wconf 83' lang='lat' dir='ltr'>evenit:</span> <span class='ocrx_word' id='word_1_354' title='bbox 555 3825 610 3868; x_wconf 92' lang='lat' dir='ltr'>dum</span> <span class='ocrx_word' id='word_1_355' title='bbox 630 3822 694 3869; x_wconf 90' lang='lat' dir='ltr'>multi</span> <span class='ocrx_word' id='word_1_356' title='bbox 732 3825 795 3878; x_wconf 81' lang='lat' dir='ltr'>stete,</span> <span class='ocrx_word' id='word_1_357' title='bbox 811 3824 922 3883; x_wconf 76' lang='lat' dir='ltr'>posquam</span> <span class='ocrx_word' id='word_1_358' title='bbox 933 3824 970 3867; x_wconf 84' lang='lat' dir='ltr'>sua</span> <span class='ocrx_word' id='word_1_359' title='bbox 981 3823 1035 3868; x_wconf 86' lang='lat' dir='ltr'>acies</span> <span class='ocrx_word' id='word_1_360' title='bbox 1047 3820 1131 3868; x_wconf 79' lang='lat' dir='ltr'>turbata</span> <span class='ocrx_word' id='word_1_361' title='bbox 1142 3820 1202 3865; x_wconf 72' lang='lat' dir='ltr'>esset.</span> <span class='ocrx_word' id='word_1_362' title='bbox 1305 3869 1308 3875; x_wconf 43' lang='grc'>,</span> 
     </span>
     <span class='ocr_line' id='line_1_40' title="bbox 100 3883 1280 3949; baseline -0.001 -17"><span class='ocrx_word' id='word_1_363' title='bbox 100 3885 101 3888; x_wconf 60' lang='grc'>’</span> <span class='ocrx_word' id='word_1_364' title='bbox 142 3885 230 3932; x_wconf 83' lang='lat' dir='ltr'>iulocis</span> <span class='ocrx_word' id='word_1_365' title='bbox 247 3888 340 3947; x_wconf 77' lang='lat' dir='ltr'>angustis</span> <span class='ocrx_word' id='word_1_366' title='bbox 352 3886 395 3932; x_wconf 83' lang='lat' dir='ltr'>sese</span> <span class='ocrx_word' id='word_1_367' title='bbox 407 3887 500 3932; x_wconf 87' lang='lat' dir='ltr'>invicem</span> <span class='ocrx_word' id='word_1_368' title='bbox 518 3887 601 3946; x_wconf 80' lang='lat' dir='ltr'>pulsant</span> <span class='ocrx_word' id='word_1_369' title='bbox 612 3896 635 3932; x_wconf 84' lang='lat' dir='ltr'>et</span> <span class='ocrx_word' id='word_1_370' title='bbox 645 3904 694 3949; x_wconf 87' lang='lat' dir='ltr'>pre·</span> <span class='ocrx_word' id='word_1_371' title='bbox 764 3884 862 3949; x_wconf 64' lang='lat' dir='ltr'>subu]</span> <span class='ocrx_word' id='word_1_372' title='bbox 880 3888 916 3932; x_wconf 87' lang='lat' dir='ltr'>Sic</span> <span class='ocrx_word' id='word_1_373' title='bbox 935 3885 1038 3943; x_wconf 87' lang='lat' dir='ltr'>solemus,</span> <span class='ocrx_word' id='word_1_374' title='bbox 1055 3886 1147 3946; x_wconf 79' lang='lat' dir='ltr'>quando.</span> <span class='ocrx_word' id='word_1_375' title='bbox 1155 3883 1280 3944; x_wconf 79' lang='lat' dir='ltr'>quempiam</span> 
     </span>
     <span class='ocr_line' id='line_1_41' title="bbox 142 3949 1280 4012; baseline -0.002 -16"><span class='ocrx_word' id='word_1_376' title='bbox 142 3959 219 4006; x_wconf 87' lang='lat' dir='ltr'>munt,</span> <span class='ocrx_word' id='word_1_377' title='bbox 236 3951 273 3996; x_wconf 89' lang='lat' dir='ltr'>vbt</span> <span class='ocrx_word' id='word_1_378' title='bbox 285 3967 343 3999; x_wconf 81' lang='lat' dir='ltr'>tinus</span> <span class='ocrx_word' id='word_1_379' title='bbox 356 3962 378 3995; x_wconf 91' lang='lat' dir='ltr'>et</span> <span class='ocrx_word' id='word_1_380' title='bbox 388 3953 441 3996; x_wconf 79' lang='lat' dir='ltr'>aber</span> <span class='ocrx_word' id='word_1_381' title='bbox 451 3952 567 4008; x_wconf 79' lang='lat' dir='ltr'>egreditur.</span> <span class='ocrx_word' id='word_1_382' title='bbox 731 3950 832 3998; x_wconf 84' lang='lat' dir='ltr'>videmus</span> <span class='ocrx_word' id='word_1_383' title='bbox 851 3951 994 4007; x_wconf 82' lang='lat' dir='ltr'>laborantem,</span> <span class='ocrx_word' id='word_1_384' title='bbox 1021 3949 1057 4012; x_wconf 90' lang='lat' dir='ltr'>qui</span> <span class='ocrx_word' id='word_1_385' title='bbox 1076 3963 1111 3994; x_wconf 84' lang='lat' dir='ltr'>res</span> <span class='ocrx_word' id='word_1_386' title='bbox 1129 3950 1209 3995; x_wconf 83' lang='lat' dir='ltr'>nostras</span> <span class='ocrx_word' id='word_1_387' title='bbox 1230 3960 1280 3994; x_wconf 85' lang='lat' dir='ltr'>tue-</span> 
     </span>
     <span class='ocr_line' id='line_1_42' title="bbox 174 4006 1358 4081; baseline -0.003 -20"><span class='ocrx_word' id='word_1_388' title='bbox 174 4013 326 4080; x_wconf 72' lang='lat' dir='ltr'>dAduerfis.]</span> <span class='ocrx_word' id='word_1_389' title='bbox 345 4018 397 4063; x_wconf 90' lang='lat' dir='ltr'>Non</span> <span class='ocrx_word' id='word_1_390' title='bbox 416 4016 458 4071; x_wconf 88' lang='lat' dir='ltr'>illi,</span> <span class='ocrx_word' id='word_1_391' title='bbox 475 4026 502 4064; x_wconf 87' lang='lat' dir='ltr'>ut</span> <span class='ocrx_word' id='word_1_392' title='bbox 519 4019 579 4070; x_wconf 78' lang='lat' dir='ltr'>tolet,</span> <span class='ocrx_word' id='word_1_393' title='bbox 596 4014 691 4062; x_wconf 87' lang='lat' dir='ltr'>circum·</span> <span class='ocrx_word' id='word_1_394' title='bbox 732 4027 784 4062; x_wconf 87' lang='lat' dir='ltr'>tur:</span> <span class='ocrx_word' id='word_1_395' title='bbox 803 4006 828 4061; x_wconf 75' lang='grc' dir='ltr'>ἑο</span> <span class='ocrx_word' id='word_1_396' title='bbox 845 4013 890 4061; x_wconf 69' lang='lat' dir='ltr'>fere</span> <span class='ocrx_word' id='word_1_397' title='bbox 910 4017 975 4081; x_wconf 72' lang='lat' dir='ltr'>uqedo</span> <span class='ocrx_word' id='word_1_398' title='bbox 994 4014 1092 4061; x_wconf 84' lang='lat' dir='ltr'>membra</span> <span class='ocrx_word' id='word_1_399' title='bbox 1101 4022 1124 4059; x_wconf 88' lang='lat' dir='ltr'>et</span> <span class='ocrx_word' id='word_1_400' title='bbox 1134 4012 1196 4061; x_wconf 82' lang='lat' dir='ltr'>nervi</span> <span class='ocrx_word' id='word_1_401' title='bbox 1215 4011 1319 4071; x_wconf 46' lang='lat' dir='ltr'>uostrig</span> <span class='ocrx_word' id='word_1_402' title='bbox 1353 4048 1358 4057; x_wconf 94' lang='lat'><em>.</em></span> 
     </span>
     <span class='ocr_line' id='line_1_43' title="bbox 142 4066 1305 4169; baseline 0.004 -44"><span class='ocrx_word' id='word_1_403' title='bbox 142 4079 206 4135; x_wconf 75' lang='lat' dir='ltr'>attis,</span> <span class='ocrx_word' id='word_1_404' title='bbox 224 4086 264 4140; x_wconf 82' lang='lat' dir='ltr'>(en</span> <span class='ocrx_word' id='word_1_405' title='bbox 283 4081 399 4129; x_wconf 74' lang='lat' dir='ltr'>torocelum</span> <span class='ocrx_word' id='word_1_406' title='bbox 401 4083 414 4138; x_wconf 89' lang='lat'><em>)</em></span> <span class='ocrx_word' id='word_1_407' title='bbox 433 4082 467 4126; x_wconf 84' lang='lat' dir='ltr'>sed</span> <span class='ocrx_word' id='word_1_408' title='bbox 486 4079 546 4126; x_wconf 69' lang='lat' dir='ltr'>resia</span> <span class='ocrx_word' id='word_1_409' title='bbox 566 4082 588 4125; x_wconf 89' lang='lat' dir='ltr'>in</span> <span class='ocrx_word' id='word_1_410' title='bbox 608 4080 693 4126; x_wconf 87' lang='lat' dir='ltr'>hostem</span> <span class='ocrx_word' id='word_1_411' title='bbox 732 4094 859 4142; x_wconf 83' lang='lat' dir='ltr'>moventur,</span> <span class='ocrx_word' id='word_1_412' title='bbox 876 4066 1042 4142; x_wconf 76' lang='lat' dir='ltr'>aefiret&#39;lpsu</span> <span class='ocrx_word' id='word_1_413' title='bbox 1060 4078 1146 4145; x_wconf 65' lang='lat' dir='ltr'>ttosmst</span> <span class='ocrx_word' id='word_1_414' title='bbox 1160 4090 1305 4169; x_wconf 56' lang='lat' dir='ltr'>exequens.</span> 
     </span>
     <span class='ocr_line' id='line_1_44' title="bbox 140 4138 1362 4213; baseline 0.001 -26"><span class='ocrx_word' id='word_1_415' title='bbox 140 4147 258 4190; x_wconf 79' lang='lat' dir='ltr'>concitatis</span> <span class='ocrx_word' id='word_1_416' title='bbox 276 4149 347 4208; x_wconf 86' lang='lat' dir='ltr'>cquis,</span> <span class='ocrx_word' id='word_1_417' title='bbox 365 4146 498 4208; x_wconf 83' lang='lat' dir='ltr'>pugnabant,</span> <span class='ocrx_word' id='word_1_418' title='bbox 515 4156 540 4194; x_wconf 89' lang='lat' dir='ltr'>ut</span> <span class='ocrx_word' id='word_1_419' title='bbox 551 4143 639 4204; x_wconf 72' lang='lat' dir='ltr'>scilieet,</span> <span class='ocrx_word' id='word_1_420' title='bbox 656 4145 691 4194; x_wconf 84' lang='lat' dir='ltr'>in·</span> <span class='ocrx_word' id='word_1_421' title='bbox 732 4159 791 4202; x_wconf 72' lang='lat' dir='ltr'>mur,</span> <span class='ocrx_word' id='word_1_422' title='bbox 840 4190 843 4195; x_wconf 79' lang='grc'>,</span> <span class='ocrx_word' id='word_1_423' title='bbox 1207 4144 1250 4213; x_wconf 63' lang='lat'>3¹³¹·</span> <span class='ocrx_word' id='word_1_424' title='bbox 1279 4149 1312 4172; x_wconf 42' lang='grc' dir='ltr'>Α·</span> <span class='ocrx_word' id='word_1_425' title='bbox 1332 4138 1362 4161; x_wconf 61' lang='lat'>*⁴</span> 
     </span>
     <span class='ocr_line' id='line_1_45' title="bbox 141 4213 496 4282; baseline 0.011 -31"><span class='ocrx_word' id='word_1_426' title='bbox 141 4217 302 4281; x_wconf 77' lang='lat' dir='ltr'>trorumpcreut</span> <span class='ocrx_word' id='word_1_427' title='bbox 313 4222 335 4260; x_wconf 88' lang='lat' dir='ltr'>et</span> <span class='ocrx_word' id='word_1_428' title='bbox 346 4213 496 4282; x_wconf 62' lang='lat' dir='ltr'>pervadcqcun</span> 
     </span>
    </p>
   </div>
   <div class='ocr_carea' id='block_1_8' title="bbox 0 0 1382 4914">
    <p class='ocr_par' dir='ltr' id='par_1_8' title="bbox 0 0 1382 4914">
     <span class='ocr_line' id='line_1_46' title="bbox 0 0 1382 4914; baseline 0 0"><span class='ocrx_word' id='word_1_429' title='bbox 0 0 1382 4914; x_wconf 95' lang='lat' dir='ltr'> </span> 
     </span>
    </p>
   </div>
  </div>
 </body>
</html>
