<?xml version="1.0" encoding="UTF-8"?>
<!DOCTYPE html PUBLIC "-//W3C//DTD XHTML 1.0 Transitional//EN"
    "http://www.w3.org/TR/xhtml1/DTD/xhtml1-transitional.dtd">
<html xmlns="http://www.w3.org/1999/xhtml" xml:lang="en" lang="en">
 <head>
  <title>
</title>
<meta http-equiv="Content-Type" content="text/html;charset=utf-8" />
  <meta name='ocr-system' content='tesseract 3.04.00' />
  <meta name='ocr-capabilities' content='ocr_page ocr_carea ocr_par ocr_line ocrx_word'/>
</head>
<body>
  <div class='ocr_page' id='page_1' title='image "./csallustiicrisp00sallgoog_0121.png"; bbox 0 0 2754 4914; ppageno 0'>
   <div class='ocr_carea' id='block_1_1' title="bbox 158 206 849 300">
    <p class='ocr_par' dir='ltr' id='par_1_1' title="bbox 158 206 849 300">
     <span class='ocr_line' id='line_1_1' title="bbox 158 206 849 300; baseline -0.006 -4"><span class='ocrx_word' id='word_1_1' title='bbox 158 206 281 300; x_wconf 64' lang='lat' dir='ltr'>aas</span> <span class='ocrx_word' id='word_1_2' title='bbox 494 262 497 267; x_wconf 54' lang='lat'>&lt;</span> <span class='ocrx_word' id='word_1_3' title='bbox 609 206 849 292; x_wconf 73' lang='lat' dir='ltr'>statuarii</span> 
     </span>
    </p>
   </div>
   <div class='ocr_carea' id='block_1_2' title="bbox 80 352 1346 2235">
    <p class='ocr_par' dir='ltr' id='par_1_2' title="bbox 80 352 1346 2235">
     <span class='ocr_line' id='line_1_2' title="bbox 152 352 1294 441; baseline 0.003 -19"><span class='ocrx_word' id='word_1_4' title='bbox 152 356 228 434; x_wconf 80' lang='lat' dir='ltr'>elle,</span> <span class='ocrx_word' id='word_1_5' title='bbox 251 368 339 441; x_wconf 87' lang='lat' dir='ltr'>atque</span> <span class='ocrx_word' id='word_1_6' title='bbox 354 352 478 418; x_wconf 81' lang='lat' dir='ltr'>inllare:</span> <span class='ocrx_word' id='word_1_7' title='bbox 501 354 639 417; x_wconf 88' lang='lat' dir='ltr'>omnibus</span> <span class='ocrx_word' id='word_1_8' title='bbox 653 355 726 418; x_wconf 91' lang='lat' dir='ltr'>locis</span> <span class='ocrx_word' id='word_1_9' title='bbox 741 353 951 419; x_wconf 89' lang='lat' dir='ltr'>Romanorum</span> <span class='ocrx_word' id='word_1_10' title='bbox 966 354 1079 421; x_wconf 84' lang='lat' dir='ltr'><strong>ordines</strong></span> <span class='ocrx_word' id='word_1_11' title='bbox 1100 360 1294 427; x_wconf 83' lang='lat' dir='ltr'>conturbare:</span> 
     </span>
     <span class='ocr_line' id='line_1_3' title="bbox 158 438 1295 526; baseline 0.006 -22"><span class='ocrx_word' id='word_1_12' title='bbox 158 464 290 526; x_wconf 89' lang='lat' dir='ltr'>quorum</span> <span class='ocrx_word' id='word_1_13' title='bbox 312 443 401 505; x_wconf 88' lang='lat' dir='ltr'>etiarn</span> <span class='ocrx_word' id='word_1_14' title='bbox 417 445 468 525; x_wconf 88' lang='lat' dir='ltr'>qul</span> <span class='ocrx_word' id='word_1_15' title='bbox 485 438 662 504; x_wconf 86' lang='lat' dir='ltr'>firmioribus</span> <span class='ocrx_word' id='word_1_16' title='bbox 681 442 788 503; x_wconf 86' lang='lat' dir='ltr'>animis</span> <span class='ocrx_word' id='word_1_17' title='bbox 803 441 882 504; x_wconf 84' lang='lat' dir='ltr'>obvii</span> <span class='ocrx_word' id='word_1_18' title='bbox 898 439 1029 507; x_wconf 87' lang='lat' dir='ltr'>hostibus</span> <span class='ocrx_word' id='word_1_19' title='bbox 1051 443 1172 523; x_wconf 91' lang='lat' dir='ltr'>fuerant,</span> <span class='ocrx_word' id='word_1_20' title='bbox 1194 448 1295 511; x_wconf 86' lang='lat' dir='ltr'>ludili-</span> 
     </span>
     <span class='ocr_line' id='line_1_4' title="bbox 153 525 1297 614; baseline 0.003 -24"><span class='ocrx_word' id='word_1_21' title='bbox 153 529 219 591; x_wconf 75' lang='lat' dir='ltr'>cati</span> <span class='ocrx_word' id='word_1_22' title='bbox 233 536 246 564; x_wconf 85' lang='lat'><em>²</em></span> <span class='ocrx_word' id='word_1_23' title='bbox 262 530 373 591; x_wconf 90' lang='lat' dir='ltr'>incerto</span> <span class='ocrx_word' id='word_1_24' title='bbox 388 529 507 609; x_wconf 81' lang='lat' dir='ltr'>proelio,</span> <span class='ocrx_word' id='word_1_25' title='bbox 531 525 582 608; x_wconf 85' lang='lat' dir='ltr'>ipsr</span> <span class='ocrx_word' id='word_1_26' title='bbox 605 533 614 559; x_wconf 92' lang='lat'>¹</span> <span class='ocrx_word' id='word_1_27' title='bbox 631 529 721 591; x_wconf 77' lang='lat' dir='ltr'>modo</span> <span class='ocrx_word' id='word_1_28' title='bbox 735 525 853 589; x_wconf 80' lang='lat' dir='ltr'>emimis</span> <span class='ocrx_word' id='word_1_29' title='bbox 874 527 1088 606; x_wconf 83' lang='lat' dir='ltr'>sauciabantur,</span> <span class='ocrx_word' id='word_1_30' title='bbox 1109 551 1202 614; x_wconf 88' lang='lat' dir='ltr'>neque</span> <span class='ocrx_word' id='word_1_31' title='bbox 1218 553 1297 595; x_wconf 89' lang='lat' dir='ltr'>eon-</span> 
     </span>
     <span class='ocr_line' id='line_1_5' title="bbox 157 612 1297 701; baseline 0 -23"><span class='ocrx_word' id='word_1_32' title='bbox 157 614 205 678; x_wconf 68' lang='lat' dir='ltr'>rra</span> <span class='ocrx_word' id='word_1_33' title='bbox 226 614 350 676; x_wconf 85' lang='lat' dir='ltr'>feriundi</span> <span class='ocrx_word' id='word_1_34' title='bbox 365 629 416 676; x_wconf 88' lang='lat' dir='ltr'>aut</span> <span class='ocrx_word' id='word_1_35' title='bbox 431 613 599 677; x_wconf 86' lang='lat' dir='ltr'>conserendi</span> <span class='ocrx_word' id='word_1_36' title='bbox 621 633 746 675; x_wconf 91' lang='lat' dir='ltr'>manum</span> <span class='ocrx_word' id='word_1_37' title='bbox 767 612 854 694; x_wconf 84' lang='lat' dir='ltr'>copia</span> <span class='ocrx_word' id='word_1_38' title='bbox 875 624 945 676; x_wconf 87' lang='lat' dir='ltr'>erat.</span> <span class='ocrx_word' id='word_1_39' title='bbox 989 614 1073 678; x_wconf 77' lang='lat' dir='ltr'>Ante</span> <span class='ocrx_word' id='word_1_40' title='bbox 1083 617 1146 701; x_wconf 90' lang='lat' dir='ltr'>jam</span> <span class='ocrx_word' id='word_1_41' title='bbox 1167 618 1242 680; x_wconf 71' lang='lat' dir='ltr'>duell</span> <span class='ocrx_word' id='word_1_42' title='bbox 1259 618 1297 678; x_wconf 93' lang='lat' dir='ltr'>ab</span> 
     </span>
     <span class='ocr_line' id='line_1_6' title="bbox 154 697 1299 784; baseline 0.003 -24"><span class='ocrx_word' id='word_1_43' title='bbox 154 697 308 783; x_wconf 84' lang='lat' dir='ltr'>Jugurtlrai</span> <span class='ocrx_word' id='word_1_44' title='bbox 326 701 449 781; x_wconf 90' lang='lat' dir='ltr'>equites,</span> <span class='ocrx_word' id='word_1_45' title='bbox 484 701 666 778; x_wconf 89' lang='lat' dir='ltr'>ubicumque</span> <span class='ocrx_word' id='word_1_46' title='bbox 686 697 890 761; x_wconf 88' lang='lat' dir='ltr'>Romanorum</span> <span class='ocrx_word' id='word_1_47' title='bbox 910 709 1008 761; x_wconf 88' lang='lat' dir='ltr'>turma</span> <span class='ocrx_word' id='word_1_48' title='bbox 1027 700 1138 783; x_wconf 88' lang='lat' dir='ltr'>insequi</span> <span class='ocrx_word' id='word_1_49' title='bbox 1158 717 1299 784; x_wconf 86' lang='lat' dir='ltr'>coeperat,</span> 
     </span>
     <span class='ocr_line' id='line_1_7' title="bbox 152 782 1298 871; baseline 0.002 -24"><span class='ocrx_word' id='word_1_50' title='bbox 152 807 218 848; x_wconf 85' lang='lat' dir='ltr'>-non</span> <span class='ocrx_word' id='word_1_51' title='bbox 236 783 406 859; x_wconf 89' lang='lat' dir='ltr'>confertim,</span> <span class='ocrx_word' id='word_1_52' title='bbox 429 806 523 867; x_wconf 87' lang='lat' dir='ltr'>neque</span> <span class='ocrx_word' id='word_1_53' title='bbox 539 786 568 845; x_wconf 90' lang='lat' dir='ltr'>in</span> <span class='ocrx_word' id='word_1_54' title='bbox 585 805 680 844; x_wconf 91' lang='lat' dir='ltr'>unum</span> <span class='ocrx_word' id='word_1_55' title='bbox 695 782 749 845; x_wconf 88' lang='lat' dir='ltr'>sele</span> <span class='ocrx_word' id='word_1_56' title='bbox 763 784 940 864; x_wconf 85' lang='lat' dir='ltr'>recipiebant</span> <span class='ocrx_word' id='word_1_57' title='bbox 949 810 959 860; x_wconf 80' lang='lat'>3</span> <span class='ocrx_word' id='word_1_58' title='bbox 983 784 1028 846; x_wconf 90' lang='lat' dir='ltr'>sed</span> <span class='ocrx_word' id='word_1_59' title='bbox 1044 786 1118 848; x_wconf 87' lang='lat' dir='ltr'>alius</span> <span class='ocrx_word' id='word_1_60' title='bbox 1132 786 1191 851; x_wconf 85' lang='lat' dir='ltr'>alib</span> <span class='ocrx_word' id='word_1_61' title='bbox 1207 788 1298 871; x_wconf 76' lang='lat' dir='ltr'>quim</span> 
     </span>
     <span class='ocr_line' id='line_1_8' title="bbox 92 869 1297 952; baseline 0.001 -19"><span class='ocrx_word' id='word_1_62' title='bbox 92 908 95 913; x_wconf 91' lang='lat'><strong>·</strong></span> <span class='ocrx_word' id='word_1_63' title='bbox 157 870 288 934; x_wconf 72' lang='lat' dir='ltr'>maxime</span> <span class='ocrx_word' id='word_1_64' title='bbox 310 870 424 948; x_wconf 74' lang='lat' dir='ltr'>diuersi,</span> <span class='ocrx_word' id='word_1_65' title='bbox 445 870 486 931; x_wconf 90' lang='lat' dir='ltr'>ita</span> <span class='ocrx_word' id='word_1_66' title='bbox 501 890 625 930; x_wconf 88' lang='lat' dir='ltr'>numero</span> <span class='ocrx_word' id='word_1_67' title='bbox 640 871 654 900; x_wconf 83' lang='lat'><em>²</em></span> <span class='ocrx_word' id='word_1_68' title='bbox 667 869 789 948; x_wconf 84' lang='lat' dir='ltr'>priores,</span> <span class='ocrx_word' id='word_1_69' title='bbox 812 869 833 932; x_wconf 88' lang='lat' dir='ltr'>sr</span> <span class='ocrx_word' id='word_1_70' title='bbox 848 869 864 932; x_wconf 73' lang='lat' dir='ltr'>a</span> <span class='ocrx_word' id='word_1_71' title='bbox 877 871 1073 952; x_wconf 86' lang='lat' dir='ltr'>persequendo</span> <span class='ocrx_word' id='word_1_72' title='bbox 1087 872 1182 934; x_wconf 85' lang='lat' dir='ltr'>hostes</span> <span class='ocrx_word' id='word_1_73' title='bbox 1198 876 1297 934; x_wconf 86' lang='lat' dir='ltr'>deter-</span> 
     </span>
     <span class='ocr_line' id='line_1_9' title="bbox 80 953 1296 1040; baseline -0.001 -22"><span class='ocrx_word' id='word_1_74' title='bbox 80 1014 84 1024; x_wconf 87' lang='grc'><strong>,</strong></span> <span class='ocrx_word' id='word_1_75' title='bbox 149 978 219 1019; x_wconf 81' lang='lat' dir='ltr'>rere</span> <span class='ocrx_word' id='word_1_76' title='bbox 234 958 437 1040; x_wconf 83' lang='lat' dir='ltr'>nequiverant,</span> <span class='ocrx_word' id='word_1_77' title='bbox 458 953 596 1038; x_wconf 68' lang='lat' dir='ltr'>disjedtos</span> <span class='ocrx_word' id='word_1_78' title='bbox 612 956 648 1015; x_wconf 91' lang='lat' dir='ltr'>ab</span> <span class='ocrx_word' id='word_1_79' title='bbox 664 968 759 1039; x_wconf 87' lang='lat' dir='ltr'>tergo,</span> <span class='ocrx_word' id='word_1_80' title='bbox 782 969 834 1016; x_wconf 87' lang='lat' dir='ltr'>aut</span> <span class='ocrx_word' id='word_1_81' title='bbox 848 955 984 1018; x_wconf 86' lang='lat' dir='ltr'>lateribus</span> <span class='ocrx_word' id='word_1_82' title='bbox 1003 958 1296 1020; x_wconf 85' lang='lat' dir='ltr'>circumveniebant:</span> 
     </span>
     <span class='ocr_line' id='line_1_10' title="bbox 155 1039 1297 1124; baseline -0.001 -20"><span class='ocrx_word' id='word_1_83' title='bbox 155 1040 201 1104; x_wconf 85' lang='lat' dir='ltr'>sm</span> <span class='ocrx_word' id='word_1_84' title='bbox 223 1043 413 1124; x_wconf 85' lang='lat' dir='ltr'>opportunior</span> <span class='ocrx_word' id='word_1_85' title='bbox 427 1039 506 1122; x_wconf 84' lang='lat' dir='ltr'>sugae</span> <span class='ocrx_word' id='word_1_86' title='bbox 522 1039 619 1116; x_wconf 85' lang='lat' dir='ltr'>collis,</span> <span class='ocrx_word' id='word_1_87' title='bbox 638 1039 732 1121; x_wconf 77' lang='lat' dir='ltr'>quam</span> <span class='ocrx_word' id='word_1_88' title='bbox 748 1042 845 1123; x_wconf 87' lang='lat' dir='ltr'>campi</span> <span class='ocrx_word' id='word_1_89' title='bbox 861 1040 994 1104; x_wconf 87' lang='lat' dir='ltr'>fuerant:</span> <span class='ocrx_word' id='word_1_90' title='bbox 1018 1042 1054 1104; x_wconf 85' lang='lat' dir='ltr'>eb</span> <span class='ocrx_word' id='word_1_91' title='bbox 1073 1043 1142 1104; x_wconf 81' lang='lat' dir='ltr'>verb</span> <span class='ocrx_word' id='word_1_92' title='bbox 1164 1042 1297 1105; x_wconf 86' lang='lat' dir='ltr'>consueti</span> 
     </span>
     <span class='ocr_line' id='line_1_11' title="bbox 148 1124 1346 1209; baseline -0.002 -18"><span class='ocrx_word' id='word_1_93' title='bbox 148 1125 356 1202; x_wconf 82' lang='lat' dir='ltr'>Numidarum</span> <span class='ocrx_word' id='word_1_94' title='bbox 377 1126 446 1207; x_wconf 84' lang='lat' dir='ltr'>equi</span> <span class='ocrx_word' id='word_1_95' title='bbox 462 1124 547 1187; x_wconf 75' lang='lat' dir='ltr'>facile</span> <span class='ocrx_word' id='word_1_96' title='bbox 557 1126 636 1188; x_wconf 83' lang='lat' dir='ltr'>inter</span> <span class='ocrx_word' id='word_1_97' title='bbox 651 1126 778 1209; x_wconf 87' lang='lat' dir='ltr'>virgulta</span> <span class='ocrx_word' id='word_1_98' title='bbox 799 1127 942 1191; x_wconf 88' lang='lat' dir='ltr'>evadere:</span> <span class='ocrx_word' id='word_1_99' title='bbox 966 1125 1079 1190; x_wconf 84' lang='lat' dir='ltr'>nostros</span> <span class='ocrx_word' id='word_1_100' title='bbox 1099 1128 1242 1208; x_wconf 88' lang='lat' dir='ltr'>asperitas,</span> <span class='ocrx_word' id='word_1_101' title='bbox 1263 1140 1295 1197; x_wconf 80' lang='lat' dir='ltr'>et</span> <span class='ocrx_word' id='word_1_102' title='bbox 1337 1137 1346 1149; x_wconf 80' lang='lat'><strong>&#39;</strong></span> 
     </span>
     <span class='ocr_line' id='line_1_12' title="bbox 150 1211 1297 1295; baseline -0.003 -18"><span class='ocrx_word' id='word_1_103' title='bbox 150 1213 308 1277; x_wconf 68' lang='lat' dir='ltr'>insolentia</span> <span class='ocrx_word' id='word_1_104' title='bbox 319 1212 376 1273; x_wconf 90' lang='lat' dir='ltr'>loci</span> <span class='ocrx_word' id='word_1_105' title='bbox 394 1211 546 1273; x_wconf 84' lang='lat' dir='ltr'>retinebat.</span> <span class='ocrx_word' id='word_1_106' title='bbox 571 1211 723 1272; x_wconf 74' lang='lat' dir='ltr'>Caeterum</span> <span class='ocrx_word' id='word_1_107' title='bbox 735 1213 824 1289; x_wconf 74' lang='lat' dir='ltr'>saties</span> <span class='ocrx_word' id='word_1_108' title='bbox 835 1215 926 1275; x_wconf 89' lang='lat' dir='ltr'>totius</span> <span class='ocrx_word' id='word_1_109' title='bbox 942 1213 1052 1295; x_wconf 87' lang='lat' dir='ltr'>negotii</span> <span class='ocrx_word' id='word_1_110' title='bbox 1069 1215 1160 1290; x_wconf 89' lang='lat' dir='ltr'>varia,</span> <span class='ocrx_word' id='word_1_111' title='bbox 1172 1215 1297 1288; x_wconf 88' lang='lat' dir='ltr'>incerta,</span> 
     </span>
     <span class='ocr_line' id='line_1_13' title="bbox 153 1295 1297 1385; baseline -0.001 -25"><span class='ocrx_word' id='word_1_112' title='bbox 153 1299 250 1385; x_wconf 62' lang='lat' dir='ltr'>spada,</span> <span class='ocrx_word' id='word_1_113' title='bbox 272 1313 362 1379; x_wconf 90' lang='lat' dir='ltr'>atque</span> <span class='ocrx_word' id='word_1_114' title='bbox 378 1296 564 1358; x_wconf 87' lang='lat' dir='ltr'>miserabilis:</span> <span class='ocrx_word' id='word_1_115' title='bbox 587 1295 701 1376; x_wconf 78' lang='lat' dir='ltr'>dispersi</span> <span class='ocrx_word' id='word_1_116' title='bbox 716 1296 733 1357; x_wconf 76' lang='lat' dir='ltr'>a</span> <span class='ocrx_word' id='word_1_117' title='bbox 748 1298 815 1373; x_wconf 88' lang='lat' dir='ltr'>suis,</span> <span class='ocrx_word' id='word_1_118' title='bbox 828 1297 1009 1378; x_wconf 87' lang='lat' dir='ltr'>pars&#39;ceder&#39;e</span> <span class='ocrx_word' id='word_1_119' title='bbox 1023 1298 1072 1361; x_wconf 87' lang='lat' dir='ltr'>alii</span> <span class='ocrx_word' id='word_1_120' title='bbox 1088 1299 1217 1380; x_wconf 81' lang='lat' dir='ltr'>insequi:</span> <span class='ocrx_word' id='word_1_121' title='bbox 1242 1320 1297 1359; x_wconf 89' lang='lat' dir='ltr'>ne-</span> 
     </span>
     <span class='ocr_line' id='line_1_14' title="bbox 148 1381 1298 1466; baseline 0.003 -25"><span class='ocrx_word' id='word_1_122' title='bbox 148 1403 216 1463; x_wconf 73' lang='lat' dir='ltr'>que</span> <span class='ocrx_word' id='word_1_123' title='bbox 231 1381 322 1463; x_wconf 80' lang='lat' dir='ltr'>sigua,</span> <span class='ocrx_word' id='word_1_124' title='bbox 335 1402 432 1463; x_wconf 89' lang='lat' dir='ltr'>neque</span> <span class='ocrx_word' id='word_1_125' title='bbox 445 1383 561 1443; x_wconf 86' lang='lat' dir='ltr'>ordines</span> <span class='ocrx_word' id='word_1_126' title='bbox 574 1381 726 1443; x_wconf 86' lang='lat' dir='ltr'>observare</span> <span class='ocrx_word' id='word_1_127' title='bbox 739 1403 746 1442; x_wconf 91' lang='lat'>:</span> <span class='ocrx_word' id='word_1_128' title='bbox 760 1382 810 1444; x_wconf 91' lang='lat' dir='ltr'>ubi</span> <span class='ocrx_word' id='word_1_129' title='bbox 826 1388 976 1466; x_wconf 65' lang='lat' dir='ltr'>quemque</span> <span class='ocrx_word' id='word_1_130' title='bbox 993 1384 1154 1464; x_wconf 89' lang='lat' dir='ltr'>perieulum</span> <span class='ocrx_word' id='word_1_131' title='bbox 1170 1396 1298 1465; x_wconf 86' lang='lat' dir='ltr'>ceperat,</span> 
     </span>
     <span class='ocr_line' id='line_1_15' title="bbox 144 1458 1299 1550; baseline 0 -21"><span class='ocrx_word' id='word_1_132' title='bbox 144 1458 196 1529; x_wconf 62' lang='lat' dir='ltr'>”rbi</span> <span class='ocrx_word' id='word_1_133' title='bbox 212 1465 350 1541; x_wconf 86' lang='lat' dir='ltr'>resrstere,</span> <span class='ocrx_word' id='word_1_134' title='bbox 369 1488 403 1529; x_wconf 87' lang='lat' dir='ltr'>ac</span> <span class='ocrx_word' id='word_1_135' title='bbox 418 1467 603 1548; x_wconf 83' lang='lat' dir='ltr'>propulsare:</span> <span class='ocrx_word' id='word_1_136' title='bbox 622 1484 714 1542; x_wconf 86' lang='lat' dir='ltr'>anna,</span> <span class='ocrx_word' id='word_1_137' title='bbox 737 1467 807 1543; x_wconf 91' lang='lat' dir='ltr'>tela,</span> <span class='ocrx_word' id='word_1_138' title='bbox 828 1470 911 1549; x_wconf 89' lang='lat' dir='ltr'>equi,</span> <span class='ocrx_word' id='word_1_139' title='bbox 929 1471 994 1545; x_wconf 87' lang='lat' dir='ltr'>viri,</span> <span class='ocrx_word' id='word_1_140' title='bbox 1008 1467 1118 1545; x_wconf 82' lang='lat' dir='ltr'>hostes,</span> <span class='ocrx_word' id='word_1_141' title='bbox 1140 1471 1218 1534; x_wconf 86' lang='lat' dir='ltr'>cives</span> <span class='ocrx_word' id='word_1_142' title='bbox 1234 1491 1299 1550; x_wconf 89' lang='lat' dir='ltr'>per-</span> 
     </span>
     <span class='ocr_line' id='line_1_16' title="bbox 156 1552 1299 1637; baseline 0 -22"><span class='ocrx_word' id='word_1_143' title='bbox 156 1552 261 1615; x_wconf 85' lang='lat' dir='ltr'>mixti:</span> <span class='ocrx_word' id='word_1_144' title='bbox 277 1552 349 1615; x_wconf 92' lang='lat' dir='ltr'>nihil</span> <span class='ocrx_word' id='word_1_145' title='bbox 364 1552 486 1614; x_wconf 74' lang='lat' dir='ltr'>consilio</span> <span class='ocrx_word' id='word_1_146' title='bbox 499 1572 596 1634; x_wconf 89' lang='lat' dir='ltr'>neque</span> <span class='ocrx_word' id='word_1_147' title='bbox 611 1552 732 1630; x_wconf 89' lang='lat' dir='ltr'>imperio</span> <span class='ocrx_word' id='word_1_148' title='bbox 746 1554 794 1635; x_wconf 85' lang='lat' dir='ltr'>agi</span> <span class='ocrx_word' id='word_1_149' title='bbox 811 1571 819 1612; x_wconf 77' lang='grc' dir='ltr'><strong><em>ε</em></strong></span> <span class='ocrx_word' id='word_1_150' title='bbox 842 1555 905 1614; x_wconf 87' lang='lat' dir='ltr'>sors</span> <span class='ocrx_word' id='word_1_151' title='bbox 919 1556 1022 1615; x_wconf 87' lang='lat' dir='ltr'>omnia</span> <span class='ocrx_word' id='word_1_152' title='bbox 1036 1575 1146 1637; x_wconf 80' lang='lat' dir='ltr'>regere.</span> <span class='ocrx_word' id='word_1_153' title='bbox 1192 1553 1299 1637; x_wconf 90' lang='lat' dir='ltr'>ltaque</span> 
     </span>
     <span class='ocr_line' id='line_1_17' title="bbox 151 1635 1300 1720; baseline 0 -20"><span class='ocrx_word' id='word_1_154' title='bbox 151 1638 285 1701; x_wconf 83' lang='lat' dir='ltr'>multum</span> <span class='ocrx_word' id='word_1_155' title='bbox 296 1639 350 1700; x_wconf 92' lang='lat' dir='ltr'>diei</span> <span class='ocrx_word' id='word_1_156' title='bbox 364 1636 545 1720; x_wconf 75' lang='lat' dir='ltr'>processerat,</span> <span class='ocrx_word' id='word_1_157' title='bbox 558 1635 629 1697; x_wconf 79' lang='lat' dir='ltr'>curn</span> <span class='ocrx_word' id='word_1_158' title='bbox 644 1637 730 1697; x_wconf 86' lang='lat' dir='ltr'>etiam</span> <span class='ocrx_word' id='word_1_159' title='bbox 746 1637 810 1698; x_wconf 79' lang='lat' dir='ltr'>tum</span> <span class='ocrx_word' id='word_1_160' title='bbox 821 1652 943 1698; x_wconf 89' lang='lat' dir='ltr'>eventus</span> <span class='ocrx_word' id='word_1_161' title='bbox 959 1641 989 1700; x_wconf 91' lang='lat' dir='ltr'>iu</span> <span class='ocrx_word' id='word_1_162' title='bbox 1005 1639 1118 1700; x_wconf 85' lang='lat' dir='ltr'>incerto</span> <span class='ocrx_word' id='word_1_163' title='bbox 1133 1653 1205 1701; x_wconf 85' lang='lat' dir='ltr'>erat.</span> <span class='ocrx_word' id='word_1_164' title='bbox 1231 1639 1300 1704; x_wconf 86' lang='lat' dir='ltr'>De-</span> 
     </span>
     <span class='ocr_line' id='line_1_18' title="bbox 151 1719 1339 1806; baseline -0.003 -19"><span class='ocrx_word' id='word_1_165' title='bbox 151 1726 246 1806; x_wconf 85' lang='lat' dir='ltr'>nique</span> <span class='ocrx_word' id='word_1_166' title='bbox 260 1724 397 1785; x_wconf 72' lang='lat' dir='ltr'>omnibus</span> <span class='ocrx_word' id='word_1_167' title='bbox 412 1722 521 1793; x_wconf 87' lang='lat' dir='ltr'>labore,</span> <span class='ocrx_word' id='word_1_168' title='bbox 536 1735 566 1782; x_wconf 90' lang='lat' dir='ltr'>et</span> <span class='ocrx_word' id='word_1_169' title='bbox 581 1719 652 1782; x_wconf 79' lang='lat' dir='ltr'>aestu</span> <span class='ocrx_word' id='word_1_170' title='bbox 667 1720 824 1803; x_wconf 86' lang='lat' dir='ltr'>languidis,</span> <span class='ocrx_word' id='word_1_171' title='bbox 846 1719 1002 1795; x_wconf 88' lang='lat' dir='ltr'>Metellus,</span> <span class='ocrx_word' id='word_1_172' title='bbox 1019 1723 1068 1783; x_wconf 85' lang='lat' dir='ltr'>ubi</span> <span class='ocrx_word' id='word_1_173' title='bbox 1086 1723 1166 1784; x_wconf 89' lang='lat' dir='ltr'>videt</span> <span class='ocrx_word' id='word_1_174' title='bbox 1183 1723 1298 1784; x_wconf 88' lang='lat' dir='ltr'>Numi·</span> <span class='ocrx_word' id='word_1_175' title='bbox 1336 1788 1339 1793; x_wconf 71' lang='grc'><em>,</em></span> 
     </span>
     <span class='ocr_line' id='line_1_19' title="bbox 151 1806 1298 1888; baseline -0.003 -17"><span class='ocrx_word' id='word_1_176' title='bbox 151 1810 210 1888; x_wconf 84' lang='lat' dir='ltr'>das</span> <span class='ocrx_word' id='word_1_177' title='bbox 224 1808 321 1875; x_wconf 78' lang='lat' dir='ltr'>minsis</span> <span class='ocrx_word' id='word_1_178' title='bbox 338 1807 454 1880; x_wconf 90' lang='lat' dir='ltr'>instare,</span> <span class='ocrx_word' id='word_1_179' title='bbox 464 1806 614 1884; x_wconf 89' lang='lat' dir='ltr'>paullatim</span> <span class='ocrx_word' id='word_1_180' title='bbox 631 1806 736 1868; x_wconf 82' lang='lat' dir='ltr'>mili-tes</span> <span class='ocrx_word' id='word_1_181' title='bbox 751 1807 783 1868; x_wconf 85' lang='lat' dir='ltr'>in</span> <span class='ocrx_word' id='word_1_182' title='bbox 799 1827 892 1868; x_wconf 90' lang='lat' dir='ltr'>unum</span> <span class='ocrx_word' id='word_1_183' title='bbox 909 1806 1069 1882; x_wconf 82' lang='lat' dir='ltr'>conducit3</span> <span class='ocrx_word' id='word_1_184' title='bbox 1083 1807 1199 1869; x_wconf 91' lang='lat' dir='ltr'>ordines</span> <span class='ocrx_word' id='word_1_185' title='bbox 1214 1806 1298 1868; x_wconf 79' lang='lat' dir='ltr'>resti-</span> 
     </span>
     <span class='ocr_line' id='line_1_20' title="bbox 150 1891 1297 1974; baseline -0.002 -18"><span class='ocrx_word' id='word_1_186' title='bbox 150 1897 225 1970; x_wconf 76' lang='lat' dir='ltr'>tuit,</span> <span class='ocrx_word' id='word_1_187' title='bbox 247 1908 276 1956; x_wconf 90' lang='lat' dir='ltr'>et</span> <span class='ocrx_word' id='word_1_188' title='bbox 292 1894 426 1955; x_wconf 87' lang='lat' dir='ltr'>cobortes</span> <span class='ocrx_word' id='word_1_189' title='bbox 442 1892 454 1928; x_wconf 65' lang='lat'>³³</span> <span class='ocrx_word' id='word_1_190' title='bbox 469 1891 639 1974; x_wconf 85' lang='lat' dir='ltr'>legionarias</span> <span class='ocrx_word' id='word_1_191' title='bbox 655 1908 781 1972; x_wconf 84' lang='lat' dir='ltr'>quatuor</span> <span class='ocrx_word' id='word_1_192' title='bbox 800 1891 948 1953; x_wconf 84' lang='lat' dir='ltr'>adversum</span> <span class='ocrx_word' id='word_1_193' title='bbox 965 1891 1073 1970; x_wconf 87' lang='lat' dir='ltr'>pedites</span> <span class='ocrx_word' id='word_1_194' title='bbox 1089 1891 1216 1954; x_wconf 86' lang='lat' dir='ltr'>hostium</span> <span class='ocrx_word' id='word_1_195' title='bbox 1231 1893 1297 1954; x_wconf 91' lang='lat' dir='ltr'>col-</span> 
     </span>
     <span class='ocr_line' id='line_1_21' title="bbox 150 1974 1295 2059; baseline 0 -19"><span class='ocrx_word' id='word_1_196' title='bbox 150 1979 242 2042; x_wconf 87' lang='lat' dir='ltr'>locat.</span> <span class='ocrx_word' id='word_1_197' title='bbox 265 1976 406 2040; x_wconf 74' lang='lat' dir='ltr'>‘Eorum</span> <span class='ocrx_word' id='word_1_198' title='bbox 428 1997 536 2059; x_wconf 86' lang='lat' dir='ltr'>magua</span> <span class='ocrx_word' id='word_1_199' title='bbox 551 1995 616 2055; x_wconf 88' lang='lat' dir='ltr'>pars</span> <span class='ocrx_word' id='word_1_200' title='bbox 633 1976 827 2057; x_wconf 88' lang='lat' dir='ltr'>superioribus</span> <span class='ocrx_word' id='word_1_201' title='bbox 848 1975 921 2040; x_wconf 85' lang='lat' dir='ltr'>locis</span> <span class='ocrx_word' id='word_1_202' title='bbox 937 1974 1006 2038; x_wconf 83' lang='lat' dir='ltr'>sella</span> <span class='ocrx_word' id='word_1_203' title='bbox 1020 1977 1198 2039; x_wconf 81' lang='lat' dir='ltr'>consederat.</span> <span class='ocrx_word' id='word_1_204' title='bbox 1245 1975 1295 2040; x_wconf 92' lang='lat' dir='ltr'>Si-</span> 
     </span>
     <span class='ocr_line' id='line_1_22' title="bbox 151 2060 1297 2142; baseline 0.002 -18"><span class='ocrx_word' id='word_1_205' title='bbox 151 2063 219 2124; x_wconf 86' lang='lat' dir='ltr'>mul</span> <span class='ocrx_word' id='word_1_206' title='bbox 246 2068 256 2101; x_wconf 82' lang='lat'>³</span> <span class='ocrx_word' id='word_1_207' title='bbox 282 2083 375 2140; x_wconf 91' lang='lat' dir='ltr'>orare,</span> <span class='ocrx_word' id='word_1_208' title='bbox 398 2062 507 2123; x_wconf 89' lang='lat' dir='ltr'>hortari</span> <span class='ocrx_word' id='word_1_209' title='bbox 533 2060 650 2142; x_wconf 86' lang='lat' dir='ltr'>milites,</span> <span class='ocrx_word' id='word_1_210' title='bbox 672 2083 708 2122; x_wconf 90' lang='lat' dir='ltr'>ne</span> <span class='ocrx_word' id='word_1_211' title='bbox 734 2062 904 2137; x_wconf 89' lang='lat' dir='ltr'>deficerent,</span> <span class='ocrx_word' id='word_1_212' title='bbox 927 2083 985 2125; x_wconf 90' lang='lat' dir='ltr'>neu</span> <span class='ocrx_word' id='word_1_213' title='bbox 1009 2075 1175 2142; x_wconf 89' lang='lat' dir='ltr'>paterentur</span> <span class='ocrx_word' id='word_1_214' title='bbox 1200 2062 1297 2126; x_wconf 88' lang='lat' dir='ltr'>bosles</span> 
     </span>
     <span class='ocr_line' id='line_1_23' title="bbox 134 2144 1296 2235; baseline -0.001 -25"><span class='ocrx_word' id='word_1_215' title='bbox 134 2144 136 2149; x_wconf 66' lang='grc'>’</span> <span class='ocrx_word' id='word_1_216' title='bbox 153 2148 300 2235; x_wconf 78' lang='lat' dir='ltr'>fugientes</span> <span class='ocrx_word' id='word_1_217' title='bbox 317 2151 433 2212; x_wconf 89' lang='lat' dir='ltr'>vincere</span> <span class='ocrx_word' id='word_1_218' title='bbox 444 2167 451 2207; x_wconf 94' lang='lat'>:</span> <span class='ocrx_word' id='word_1_219' title='bbox 464 2167 567 2229; x_wconf 42' lang='lat' dir='ltr'>,neque</span> <span class='ocrx_word' id='word_1_220' title='bbox 582 2146 637 2207; x_wconf 84' lang='lat' dir='ltr'>illis</span> <span class='ocrx_word' id='word_1_221' title='bbox 651 2144 825 2222; x_wconf 60' lang='lat' dir='ltr'>castra-esst,</span> <span class='ocrx_word' id='word_1_222' title='bbox 838 2168 937 2228; x_wconf 92' lang='lat' dir='ltr'>neque</span> <span class='ocrx_word' id='word_1_223' title='bbox 951 2149 1170 2210; x_wconf 79' lang='lat' dir='ltr'>munimentum</span> <span class='ocrx_word' id='word_1_224' title='bbox 1187 2147 1296 2225; x_wconf 91' lang='lat' dir='ltr'>ullum,</span> 
     </span>
    </p>
   </div>
   <div class='ocr_carea' id='block_1_3' title="bbox 45 2226 1297 2316">
    <p class='ocr_par' dir='ltr' id='par_1_3' title="bbox 45 2226 1297 2316">
     <span class='ocr_line' id='line_1_24' title="bbox 45 2226 1297 2316; baseline 0 -20"><span class='ocrx_word' id='word_1_225' title='bbox 45 2226 49 2231; x_wconf 38' lang='lat'><strong>⁴</strong></span> <span class='ocrx_word' id='word_1_226' title='bbox 148 2236 217 2316; x_wconf 55' lang='lat' dir='ltr'>⁴⁴(pub</span> <span class='ocrx_word' id='word_1_227' title='bbox 239 2236 376 2295; x_wconf 84' lang='lat' dir='ltr'>cedentes</span> <span class='ocrx_word' id='word_1_228' title='bbox 397 2229 566 2299; x_wconf 77' lang='lat' dir='ltr'>tenderent:</span> <span class='ocrx_word' id='word_1_229' title='bbox 591 2231 622 2292; x_wconf 91' lang='lat' dir='ltr'>iu</span> <span class='ocrx_word' id='word_1_230' title='bbox 642 2232 729 2293; x_wconf 86' lang='lat' dir='ltr'>armis</span> <span class='ocrx_word' id='word_1_231' title='bbox 749 2231 854 2298; x_wconf 83' lang='lat' dir='ltr'>omnia</span> <span class='ocrx_word' id='word_1_232' title='bbox 875 2232 929 2294; x_wconf 88' lang='lat' dir='ltr'>srti.</span> <span class='ocrx_word' id='word_1_233' title='bbox 973 2231 1031 2294; x_wconf 75' lang='lat' dir='ltr'>Sed</span> <span class='ocrx_word' id='word_1_234' title='bbox 1049 2254 1129 2294; x_wconf 92' lang='lat' dir='ltr'>nunc</span> <span class='ocrx_word' id='word_1_235' title='bbox 1145 2232 1297 2313; x_wconf 84' lang='lat' dir='ltr'>Jugurtba</span> 
     </span>
    </p>
   </div>
   <div class='ocr_carea' id='block_1_4' title="bbox 44 2317 1359 2997">
    <p class='ocr_par' dir='ltr' id='par_1_4' title="bbox 44 2317 1359 2997">
     <span class='ocr_line' id='line_1_25' title="bbox 149 2317 1296 2399; baseline 0 -19"><span class='ocrx_word' id='word_1_236' title='bbox 149 2320 276 2399; x_wconf 68' lang='lat' dir='ltr'>»quidem</span> <span class='ocrx_word' id='word_1_237' title='bbox 293 2317 402 2379; x_wconf 71' lang='lat' dir='ltr'>interea</span> <span class='ocrx_word' id='word_1_238' title='bbox 418 2318 533 2396; x_wconf 90' lang='lat' dir='ltr'>quietus</span> <span class='ocrx_word' id='word_1_239' title='bbox 548 2330 625 2377; x_wconf 84' lang='lat' dir='ltr'>erat:</span> <span class='ocrx_word' id='word_1_240' title='bbox 642 2317 777 2391; x_wconf 85' lang='lat' dir='ltr'>circuire,</span> <span class='ocrx_word' id='word_1_241' title='bbox 796 2317 920 2390; x_wconf 89' lang='lat' dir='ltr'>hortari,</span> <span class='ocrx_word' id='word_1_242' title='bbox 934 2337 1073 2377; x_wconf 89' lang='lat' dir='ltr'>renovare</span> <span class='ocrx_word' id='word_1_243' title='bbox 1088 2317 1242 2396; x_wconf 87' lang='lat' dir='ltr'>proelium,</span> <span class='ocrx_word' id='word_1_244' title='bbox 1265 2332 1296 2383; x_wconf 89' lang='lat' dir='ltr'>et</span> 
     </span>
     <span class='ocr_line' id='line_1_26' title="bbox 154 2399 1295 2483; baseline -0.001 -19"><span class='ocrx_word' id='word_1_245' title='bbox 154 2404 214 2483; x_wconf 88' lang='lat' dir='ltr'>ipse</span> <span class='ocrx_word' id='word_1_246' title='bbox 229 2426 298 2465; x_wconf 90' lang='lat' dir='ltr'>cum</span> <span class='ocrx_word' id='word_1_247' title='bbox 314 2403 432 2464; x_wconf 79' lang='lat' dir='ltr'>deledlis</span> <span class='ocrx_word' id='word_1_248' title='bbox 448 2416 558 2465; x_wconf 85' lang='lat' dir='ltr'>tentare</span> <span class='ocrx_word' id='word_1_249' title='bbox 583 2402 704 2463; x_wconf 84' lang='lat' dir='ltr'>omnia:</span> <span class='ocrx_word' id='word_1_250' title='bbox 723 2399 877 2463; x_wconf 53' lang='lat' dir='ltr'>*subvenire</span> <span class='ocrx_word' id='word_1_251' title='bbox 897 2399 968 2474; x_wconf 90' lang='lat' dir='ltr'>suis,</span> <span class='ocrx_word' id='word_1_252' title='bbox 989 2400 1118 2467; x_wconf 89' lang='lat' dir='ltr'>hollibus</span> <span class='ocrx_word' id='word_1_253' title='bbox 1132 2401 1230 2462; x_wconf 89' lang='lat' dir='ltr'>dubiis</span> <span class='ocrx_word' id='word_1_254' title='bbox 1246 2402 1295 2463; x_wconf 82' lang='lat' dir='ltr'>in-</span> 
     </span>
     <span class='ocr_line' id='line_1_27' title="bbox 150 2485 1296 2570; baseline -0.001 -20"><span class='ocrx_word' id='word_1_255' title='bbox 150 2487 237 2563; x_wconf 84' lang='lat' dir='ltr'>stare,</span> <span class='ocrx_word' id='word_1_256' title='bbox 260 2509 335 2569; x_wconf 87' lang='lat' dir='ltr'>quos</span> <span class='ocrx_word' id='word_1_257' title='bbox 361 2486 462 2549; x_wconf 85' lang='lat' dir='ltr'>firmos</span> <span class='ocrx_word' id='word_1_258' title='bbox 491 2503 682 2570; x_wconf 82' lang='lat' dir='ltr'>cognoverat,</span> <span class='ocrx_word' id='word_1_259' title='bbox 698 2486 820 2548; x_wconf 84' lang='lat' dir='ltr'>eminus</span> <span class='ocrx_word' id='word_1_260' title='bbox 845 2485 1017 2567; x_wconf 83' lang='lat' dir='ltr'>pugnando,</span> <span class='ocrx_word' id='word_1_261' title='bbox 1040 2486 1200 2548; x_wconf 56' lang='lat' dir='ltr'>“reti-uere.</span> <span class='ocrx_word' id='word_1_262' title='bbox 1245 2485 1296 2550; x_wconf 89' lang='lat' dir='ltr'>Eo</span> 
     </span>
     <span class='ocr_line' id='line_1_28' title="bbox 153 2570 1295 2654; baseline -0.002 -17"><span class='ocrx_word' id='word_1_263' title='bbox 153 2578 246 2637; x_wconf 91' lang='lat' dir='ltr'>modo</span> <span class='ocrx_word' id='word_1_264' title='bbox 259 2576 318 2637; x_wconf 89' lang='lat' dir='ltr'>duo</span> <span class='ocrx_word' id='word_1_265' title='bbox 334 2573 534 2654; x_wconf 87' lang='lat' dir='ltr'>imperatores,</span> <span class='ocrx_word' id='word_1_266' title='bbox 557 2572 687 2635; x_wconf 78' lang='lat' dir='ltr'>esununi</span> <span class='ocrx_word' id='word_1_267' title='bbox 709 2573 774 2646; x_wconf 90' lang='lat' dir='ltr'>viri,</span> <span class='ocrx_word' id='word_1_268' title='bbox 796 2572 872 2634; x_wconf 89' lang='lat' dir='ltr'>inter</span> <span class='ocrx_word' id='word_1_269' title='bbox 886 2572 913 2632; x_wconf 93' lang='lat' dir='ltr'>se</span> <span class='ocrx_word' id='word_1_270' title='bbox 927 2571 1097 2632; x_wconf 83' lang='lat' dir='ltr'>certabant:</span> <span class='ocrx_word' id='word_1_271' title='bbox 1121 2570 1173 2652; x_wconf 89' lang='lat' dir='ltr'>ipsr</span> <span class='ocrx_word' id='word_1_272' title='bbox 1198 2593 1295 2653; x_wconf 89' lang='lat' dir='ltr'>pares,</span> 
     </span>
     <span class='ocr_line' id='line_1_29' title="bbox 149 2652 1350 2740; baseline -0.001 -19"><span class='ocrx_word' id='word_1_273' title='bbox 149 2660 297 2724; x_wconf 79' lang='lat' dir='ltr'>caeterdm</span> <span class='ocrx_word' id='word_1_274' title='bbox 312 2660 418 2737; x_wconf 90' lang='lat' dir='ltr'>opibus</span> <span class='ocrx_word' id='word_1_275' title='bbox 433 2658 603 2740; x_wconf 85' lang='lat' dir='ltr'>disparibus.</span> <span class='ocrx_word' id='word_1_276' title='bbox 627 2656 706 2720; x_wconf 87' lang='lat' dir='ltr'>Nam</span> <span class='ocrx_word' id='word_1_277' title='bbox 728 2656 855 2719; x_wconf 88' lang='lat' dir='ltr'>Metello</span> <span class='ocrx_word' id='word_1_278' title='bbox 868 2656 963 2719; x_wconf 81' lang='lat' dir='ltr'>uirtus</span> <span class='ocrx_word' id='word_1_279' title='bbox 978 2654 1107 2718; x_wconf 89' lang='lat' dir='ltr'>militum</span> <span class='ocrx_word' id='word_1_280' title='bbox 1121 2672 1194 2730; x_wconf 88' lang='lat' dir='ltr'>erat,</span> <span class='ocrx_word' id='word_1_281' title='bbox 1211 2658 1295 2720; x_wconf 81' lang='lat' dir='ltr'>loeus</span> <span class='ocrx_word' id='word_1_282' title='bbox 1345 2652 1350 2663; x_wconf 79' lang='grc'><em>’</em></span> 
     </span>
     <span class='ocr_line' id='line_1_30' title="bbox 94 2738 1359 2827; baseline -0.005 -21"><span class='ocrx_word' id='word_1_283' title='bbox 94 2814 96 2819; x_wconf 50' lang='grc'>,</span> <span class='ocrx_word' id='word_1_284' title='bbox 152 2746 307 2808; x_wconf 84' lang='lat' dir='ltr'>aduersus:</span> <span class='ocrx_word' id='word_1_285' title='bbox 328 2743 488 2827; x_wconf 80' lang='lat' dir='ltr'>Jugurthae</span> <span class='ocrx_word' id='word_1_286' title='bbox 503 2745 558 2806; x_wconf 89' lang='lat' dir='ltr'>alia</span> <span class='ocrx_word' id='word_1_287' title='bbox 573 2745 685 2818; x_wconf 84' lang='lat' dir='ltr'>omnia,</span> <span class='ocrx_word' id='word_1_288' title='bbox 701 2761 806 2823; x_wconf 85' lang='lat' dir='ltr'>praeter</span> <span class='ocrx_word' id='word_1_289' title='bbox 820 2743 939 2815; x_wconf 78' lang='lat' dir='ltr'>militer,</span> <span class='ocrx_word' id='word_1_290' title='bbox 954 2757 1127 2821; x_wconf 88' lang='lat' dir='ltr'>opportuna.</span> <span class='ocrx_word' id='word_1_291' title='bbox 1152 2738 1296 2824; x_wconf 79' lang='lat' dir='ltr'>Denique</span> <span class='ocrx_word' id='word_1_292' title='bbox 1357 2796 1359 2800; x_wconf 81' lang='grc'>,</span> 
     </span>
     <span class='ocr_line' id='line_1_31' title="bbox 152 2824 1294 2912; baseline 0 -23"><span class='ocrx_word' id='word_1_293' title='bbox 152 2828 296 2904; x_wconf 83' lang='lat' dir='ltr'>Rotnani,</span> <span class='ocrx_word' id='word_1_294' title='bbox 308 2831 357 2888; x_wconf 93' lang='lat' dir='ltr'>ubi</span> <span class='ocrx_word' id='word_1_295' title='bbox 369 2829 536 2908; x_wconf 85' lang='lat' dir='ltr'>intelligunt</span> <span class='ocrx_word' id='word_1_296' title='bbox 553 2850 647 2909; x_wconf 87' lang='lat' dir='ltr'>neque</span> <span class='ocrx_word' id='word_1_297' title='bbox 662 2829 712 2890; x_wconf 88' lang='lat' dir='ltr'>srbi</span> <span class='ocrx_word' id='word_1_298' title='bbox 724 2829 893 2912; x_wconf 84' lang='lat' dir='ltr'>profugium</span> <span class='ocrx_word' id='word_1_299' title='bbox 908 2824 976 2901; x_wconf 82' lang='lat' dir='ltr'>else,</span> <span class='ocrx_word' id='word_1_300' title='bbox 989 2848 1085 2908; x_wconf 89' lang='lat' dir='ltr'>neque</span> <span class='ocrx_word' id='word_1_301' title='bbox 1096 2826 1132 2887; x_wconf 93' lang='lat' dir='ltr'>ab</span> <span class='ocrx_word' id='word_1_302' title='bbox 1144 2827 1225 2889; x_wconf 88' lang='lat' dir='ltr'>hoste</span> <span class='ocrx_word' id='word_1_303' title='bbox 1239 2851 1294 2890; x_wconf 89' lang='lat' dir='ltr'>eo-</span> 
     </span>
     <span class='ocr_line' id='line_1_32' title="bbox 44 2906 1294 2997; baseline 0.002 -23"><span class='ocrx_word' id='word_1_304' title='bbox 44 2976 47 2981; x_wconf 64' lang='lat'>,</span> <span class='ocrx_word' id='word_1_305' title='bbox 131 2906 230 2995; x_wconf 75' lang='lat' dir='ltr'>&#39;piam</span> <span class='ocrx_word' id='word_1_306' title='bbox 257 2913 408 2996; x_wconf 88' lang='lat' dir='ltr'>pugnandi</span> <span class='ocrx_word' id='word_1_307' title='bbox 434 2911 508 2987; x_wconf 88' lang='lat' dir='ltr'>fieri,</span> <span class='ocrx_word' id='word_1_308' title='bbox 533 2911 691 2997; x_wconf 77' lang='lat' dir='ltr'>(jam-,diei</span> <span class='ocrx_word' id='word_1_309' title='bbox 716 2915 814 2992; x_wconf 84' lang='lat' dir='ltr'>vesper</span> <span class='ocrx_word' id='word_1_310' title='bbox 835 2911 912 2994; x_wconf 87' lang='lat' dir='ltr'>erat)</span> <span class='ocrx_word' id='word_1_311' title='bbox 935 2911 1081 2987; x_wconf 54' lang='lat' dir='ltr'>faduerso</span> <span class='ocrx_word' id='word_1_312' title='bbox 1101 2911 1191 2988; x_wconf 86' lang='lat' dir='ltr'>colle,</span> <span class='ocrx_word' id='word_1_313' title='bbox 1212 2911 1294 2976; x_wconf 75' lang='lat' dir='ltr'>sicuti</span> 
     </span>
    </p>
   </div>
   <div class='ocr_carea' id='block_1_5' title="bbox 489 3092 879 3148">
    <p class='ocr_par' dir='ltr' id='par_1_5' title="bbox 489 3092 879 3148">
     <span class='ocr_line' id='line_1_33' title="bbox 489 3092 879 3148; baseline 0 0"><span class='ocrx_word' id='word_1_314' title='bbox 489 3092 494 3099; x_wconf 84' lang='grc'><strong>“</strong></span> <span class='ocrx_word' id='word_1_315' title='bbox 563 3103 879 3148; x_wconf 69' lang='lat' dir='ltr'>ruramaranr-ro.</span> 
     </span>
    </p>
   </div>
   <div class='ocr_carea' id='block_1_6' title="bbox 55 3229 1336 3752">
    <p class='ocr_par' dir='ltr' id='par_1_6' title="bbox 55 3229 1336 3752">
     <span class='ocr_line' id='line_1_34' title="bbox 150 3229 1293 3320; baseline -0.003 -25"><span class='ocrx_word' id='word_1_316' title='bbox 150 3239 154 3247; x_wconf 83' lang='lat'>&#39;</span> <span class='ocrx_word' id='word_1_317' title='bbox 194 3240 205 3268; x_wconf 88' lang='lat'><em>¹</em></span> <span class='ocrx_word' id='word_1_318' title='bbox 223 3232 279 3320; x_wconf 77' lang='lat' dir='ltr'>Ipfi</span> <span class='ocrx_word' id='word_1_319' title='bbox 291 3233 398 3297; x_wconf 72' lang='lat' dir='ltr'>tantum</span> <span class='ocrx_word' id='word_1_320' title='bbox 419 3231 520 3295; x_wconf 80' lang='lat' dir='ltr'>erninals</span> <span class='ocrx_word' id='word_1_321' title='bbox 529 3229 699 3315; x_wconf 67' lang='lat' dir='ltr'>saruciaban-</span> <span class='ocrx_word' id='word_1_322' title='bbox 784 3235 796 3268; x_wconf 80' lang='lat'>³</span> <span class='ocrx_word' id='word_1_323' title='bbox 813 3229 905 3295; x_wconf 86' lang='lat' dir='ltr'>Simul</span> <span class='ocrx_word' id='word_1_324' title='bbox 917 3229 1059 3296; x_wconf 85' lang='lat' dir='ltr'>Metellus</span> <span class='ocrx_word' id='word_1_325' title='bbox 1079 3255 1171 3311; x_wconf 75' lang='lat' dir='ltr'>orare,</span> <span class='ocrx_word' id='word_1_326' title='bbox 1194 3234 1293 3304; x_wconf 77' lang='lat' dir='ltr'>horta.</span> 
     </span>
     <span class='ocr_line' id='line_1_35' title="bbox 145 3316 1294 3407; baseline 0.001 -23"><span class='ocrx_word' id='word_1_327' title='bbox 145 3334 211 3397; x_wconf 69' lang='lat' dir='ltr'>dur,</span> <span class='ocrx_word' id='word_1_328' title='bbox 234 3337 259 3383; x_wconf 87' lang='lat' dir='ltr'>et</span> <span class='ocrx_word' id='word_1_329' title='bbox 274 3319 508 3383; x_wconf 77' lang='lat' dir='ltr'>vulnerabuntur.</span> <span class='ocrx_word' id='word_1_330' title='bbox 736 3316 768 3379; x_wconf 84' lang='lat' dir='ltr'>ri</span> <span class='ocrx_word' id='word_1_331' title='bbox 781 3316 890 3394; x_wconf 75' lang='lat' dir='ltr'>milites,</span> <span class='ocrx_word' id='word_1_332' title='bbox 914 3341 947 3381; x_wconf 80' lang='lat' dir='ltr'>nr</span> <span class='ocrx_word' id='word_1_333' title='bbox 961 3317 1111 3403; x_wconf 82' lang='lat' dir='ltr'>deficerent,</span> <span class='ocrx_word' id='word_1_334' title='bbox 1132 3345 1199 3383; x_wconf 81' lang='lat' dir='ltr'>neve</span> <span class='ocrx_word' id='word_1_335' title='bbox 1210 3340 1294 3407; x_wconf 80' lang='lat' dir='ltr'>pate,-</span> 
     </span>
     <span class='ocr_line' id='line_1_36' title="bbox 194 3402 1294 3492; baseline 0.006 -26"><span class='ocrx_word' id='word_1_336' title='bbox 194 3411 208 3438; x_wconf 83' lang='lat'>²</span> <span class='ocrx_word' id='word_1_337' title='bbox 224 3406 284 3482; x_wconf 85' lang='lat' dir='ltr'>Itu,</span> <span class='ocrx_word' id='word_1_338' title='bbox 307 3406 366 3467; x_wconf 67' lang='lat' dir='ltr'>caim</span> <span class='ocrx_word' id='word_1_339' title='bbox 384 3404 459 3489; x_wconf 77' lang='lat' dir='ltr'>effert</span> <span class='ocrx_word' id='word_1_340' title='bbox 474 3402 565 3485; x_wconf 81' lang='lat' dir='ltr'>plures</span> <span class='ocrx_word' id='word_1_341' title='bbox 578 3422 699 3478; x_wconf 74' lang='lat' dir='ltr'>numm,</span> <span class='ocrx_word' id='word_1_342' title='bbox 739 3417 837 3469; x_wconf 77' lang='lat' dir='ltr'>rentur</span> <span class='ocrx_word' id='word_1_343' title='bbox 863 3402 957 3489; x_wconf 73' lang='lat' dir='ltr'>hossas,</span> <span class='ocrx_word' id='word_1_344' title='bbox 976 3402 1027 3489; x_wconf 80' lang='lat' dir='ltr'>&#39;qui</span> <span class='ocrx_word' id='word_1_345' title='bbox 1039 3406 1201 3492; x_wconf 72' lang='lat' dir='ltr'>fugiebant,</span> <span class='ocrx_word' id='word_1_346' title='bbox 1224 3413 1294 3472; x_wconf 81' lang='lat' dir='ltr'>vin-</span> 
     </span>
     <span class='ocr_line' id='line_1_37' title="bbox 139 3487 1336 3577; baseline -0.003 -26"><span class='ocrx_word' id='word_1_347' title='bbox 139 3491 173 3577; x_wconf 53' lang='grc' dir='ltr'><em>ᾖ</em></span> <span class='ocrx_word' id='word_1_348' title='bbox 198 3492 377 3575; x_wconf 78' lang='lat' dir='ltr'>nequiverunt</span> <span class='ocrx_word' id='word_1_349' title='bbox 406 3491 542 3551; x_wconf 77' lang='lat' dir='ltr'>deterrere</span> <span class='ocrx_word' id='word_1_350' title='bbox 571 3487 652 3571; x_wconf 62' lang='lat' dir='ltr'>hosta</span> <span class='ocrx_word' id='word_1_351' title='bbox 681 3488 700 3551; x_wconf 77' lang='grc' dir='ltr'><em>ἃ</em></span> <span class='ocrx_word' id='word_1_352' title='bbox 739 3512 810 3551; x_wconf 84' lang='lat' dir='ltr'>cere.</span> <span class='ocrx_word' id='word_1_353' title='bbox 1334 3508 1336 3514; x_wconf 89' lang='lat'>·</span> 
     </span>
     <span class='ocr_line' id='line_1_38' title="bbox 55 3572 1291 3663; baseline 0.002 -25"><span class='ocrx_word' id='word_1_354' title='bbox 55 3574 57 3579; x_wconf 57' lang='grc'>’</span> <span class='ocrx_word' id='word_1_355' title='bbox 142 3575 331 3663; x_wconf 79' lang='lat' dir='ltr'>persequendo,</span> <span class='ocrx_word' id='word_1_356' title='bbox 375 3573 623 3636; x_wconf 79' lang='lat' dir='ltr'>circumveniebant</span> <span class='ocrx_word' id='word_1_357' title='bbox 661 3597 701 3636; x_wconf 79' lang='lat' dir='ltr'>aas</span> <span class='ocrx_word' id='word_1_358' title='bbox 782 3572 944 3636; x_wconf 72' lang='lat' dir='ltr'>*Rotnani</span> <span class='ocrx_word' id='word_1_359' title='bbox 969 3574 998 3638; x_wconf 86' lang='lat' dir='ltr'>in</span> <span class='ocrx_word' id='word_1_360' title='bbox 1023 3575 1164 3662; x_wconf 77' lang='lat' dir='ltr'>adversum</span> <span class='ocrx_word' id='word_1_361' title='bbox 1191 3575 1291 3659; x_wconf 81' lang='lat' dir='ltr'>collem,</span> 
     </span>
     <span class='ocr_line' id='line_1_39' title="bbox 143 3657 1236 3752; baseline -0.005 -26"><span class='ocrx_word' id='word_1_362' title='bbox 143 3663 269 3747; x_wconf 61' lang='lat' dir='ltr'>uinctus</span> <span class='ocrx_word' id='word_1_363' title='bbox 284 3660 303 3724; x_wconf 78' lang='lat' dir='ltr'>ci</span> <span class='ocrx_word' id='word_1_364' title='bbox 318 3676 393 3740; x_wconf 82' lang='lat' dir='ltr'>tergo</span> <span class='ocrx_word' id='word_1_365' title='bbox 407 3673 459 3723; x_wconf 87' lang='lat' dir='ltr'>aut</span> <span class='ocrx_word' id='word_1_366' title='bbox 472 3660 615 3723; x_wconf 84' lang='lat' dir='ltr'>luteribus.</span> <span class='ocrx_word' id='word_1_367' title='bbox 730 3657 818 3743; x_wconf 79' lang='lat' dir='ltr'>ficati</span> <span class='ocrx_word' id='word_1_368' title='bbox 827 3673 1082 3752; x_wconf 64' lang='lat' dir='ltr'>precaeptumurut,</span> <span class='ocrx_word' id='word_1_369' title='bbox 1099 3660 1236 3734; x_wconf 63' lang='lat' dir='ltr'>‚evadunt</span> 
     </span>
    </p>
   </div>
   <div class='ocr_carea' id='block_1_7' title="bbox 650 3845 780 3899">
    <p class='ocr_par' dir='ltr' id='par_1_7' title="bbox 650 3845 780 3899">
     <span class='ocr_line' id='line_1_40' title="bbox 650 3845 780 3899; baseline -0.008 0"><span class='ocrx_word' id='word_1_370' title='bbox 650 3845 780 3899; x_wconf 82' lang='lat' dir='ltr'><strong>NOTAE.</strong></span> 
     </span>
    </p>
   </div>
   <div class='ocr_carea' id='block_1_8' title="bbox 140 3955 1292 4283">
    <p class='ocr_par' dir='ltr' id='par_1_8' title="bbox 144 3955 1290 4155">
     <span class='ocr_line' id='line_1_41' title="bbox 179 3955 1290 4026; baseline -0.009 -15"><span class='ocrx_word' id='word_1_371' title='bbox 179 3959 308 4025; x_wconf 77' lang='lat' dir='ltr'>⁸Incerta]</span> <span class='ocrx_word' id='word_1_372' title='bbox 342 3958 399 4026; x_wconf 80' lang='lat' dir='ltr'>Qia</span> <span class='ocrx_word' id='word_1_373' title='bbox 419 3959 525 4008; x_wconf 70' lang='lat' dir='ltr'>Numidae</span> <span class='ocrx_word' id='word_1_374' title='bbox 543 3974 588 4007; x_wconf 88' lang='lat' dir='ltr'>non</span> <span class='ocrx_word' id='word_1_375' title='bbox 608 3961 700 4019; x_wconf 84' lang='lat' dir='ltr'>stabant,</span> <span class='ocrx_word' id='word_1_376' title='bbox 768 3956 897 4023; x_wconf 68' lang='lat' dir='ltr'>OEmnr]</span> <span class='ocrx_word' id='word_1_377' title='bbox 916 3955 1074 4011; x_wconf 79' lang='lat' dir='ltr'>Numidarum.</span> <span class='ocrx_word' id='word_1_378' title='bbox 1287 3995 1290 4001; x_wconf 96' lang='lat'>.</span> 
     </span>
     <span class='ocr_line' id='line_1_42' title="bbox 144 4019 1290 4091; baseline -0.002 -19"><span class='ocrx_word' id='word_1_379' title='bbox 144 4026 183 4072; x_wconf 83' lang='lat' dir='ltr'>sed</span> <span class='ocrx_word' id='word_1_380' title='bbox 196 4028 334 4081; x_wconf 75' lang='lat' dir='ltr'>acredbaut,</span> <span class='ocrx_word' id='word_1_381' title='bbox 351 4034 373 4070; x_wconf 80' lang='lat' dir='ltr'>et</span> <span class='ocrx_word' id='word_1_382' title='bbox 389 4030 451 4074; x_wconf 85' lang='lat' dir='ltr'>reeed</span> <span class='ocrx_word' id='word_1_383' title='bbox 465 4028 522 4073; x_wconf 78' lang='lat' dir='ltr'>bant.</span> <span class='ocrx_word' id='word_1_384' title='bbox 556 4024 585 4073; x_wconf 81' lang='lat' dir='ltr'>tu</span> <span class='ocrx_word' id='word_1_385' title='bbox 598 4025 648 4091; x_wconf 77' lang='lat' dir='ltr'>nes.</span> <span class='ocrx_word' id='word_1_386' title='bbox 659 4026 700 4074; x_wconf 79' lang='lat' dir='ltr'>ba·</span> <span class='ocrx_word' id='word_1_387' title='bbox 770 4024 783 4061; x_wconf 59' lang='grc' dir='ltr'><em>ἀ</em></span> <span class='ocrx_word' id='word_1_388' title='bbox 796 4020 913 4086; x_wconf 68' lang='lat' dir='ltr'>Retinere]</span> <span class='ocrx_word' id='word_1_389' title='bbox 930 4024 968 4070; x_wconf 82' lang='lat' dir='ltr'>Ne</span> <span class='ocrx_word' id='word_1_390' title='bbox 987 4022 1068 4070; x_wconf 84' lang='lat' dir='ltr'>seilicet</span> <span class='ocrx_word' id='word_1_391' title='bbox 1085 4019 1156 4068; x_wconf 81' lang='lat' dir='ltr'>dubiis</span> <span class='ocrx_word' id='word_1_392' title='bbox 1171 4030 1194 4070; x_wconf 88' lang='lat' dir='ltr'>et</span> <span class='ocrx_word' id='word_1_393' title='bbox 1208 4021 1290 4070; x_wconf 78' lang='lat' dir='ltr'>sedeu-</span> 
     </span>
     <span class='ocr_line' id='line_1_43' title="bbox 146 4087 976 4155; baseline 0 -21"><span class='ocrx_word' id='word_1_394' title='bbox 146 4093 208 4135; x_wconf 74' lang='lat' dir='ltr'>ror&#39;rnr</span> <span class='ocrx_word' id='word_1_395' title='bbox 216 4104 255 4152; x_wconf 59' lang='lat' dir='ltr'>pus</span> <span class='ocrx_word' id='word_1_396' title='bbox 268 4108 292 4137; x_wconf 78' lang='lat' dir='ltr'>re</span> <span class='ocrx_word' id='word_1_397' title='bbox 299 4087 432 4155; x_wconf 79' lang='lat' dir='ltr'>pirdsermr.</span> <span class='ocrx_word' id='word_1_398' title='bbox 617 4122 621 4131; x_wconf 83' lang='lat'>·</span> <span class='ocrx_word' id='word_1_399' title='bbox 738 4087 796 4135; x_wconf 79' lang='lat' dir='ltr'>tibur</span> <span class='ocrx_word' id='word_1_400' title='bbox 806 4103 872 4149; x_wconf 89' lang='lat' dir='ltr'>opem</span> <span class='ocrx_word' id='word_1_401' title='bbox 886 4088 976 4135; x_wconf 82' lang='lat' dir='ltr'>ferrent.</span> 
     </span>
    </p>

    <p class='ocr_par' dir='ltr' id='par_1_9' title="bbox 140 4147 1292 4283">
     <span class='ocr_line' id='line_1_44' title="bbox 180 4147 1292 4223; baseline 0.005 -23"><span class='ocrx_word' id='word_1_402' title='bbox 180 4152 365 4223; x_wconf 65' lang='lat' dir='ltr'>bLegizrarian</span> <span class='ocrx_word' id='word_1_403' title='bbox 388 4154 424 4207; x_wconf 85' lang='lat' dir='ltr'>Ut</span> <span class='ocrx_word' id='word_1_404' title='bbox 439 4152 597 4218; x_wconf 74' lang='lat' dir='ltr'>distinguantur</span> <span class='ocrx_word' id='word_1_405' title='bbox 607 4152 634 4204; x_wconf 82' lang='lat' dir='ltr'>ab</span> <span class='ocrx_word' id='word_1_406' title='bbox 644 4169 699 4203; x_wconf 82' lang='lat' dir='ltr'>nux·</span> <span class='ocrx_word' id='word_1_407' title='bbox 769 4151 897 4217; x_wconf 65' lang='lat' dir='ltr'>‘Sanni-1</span> <span class='ocrx_word' id='word_1_408' title='bbox 915 4147 1015 4199; x_wconf 81' lang='lat' dir='ltr'>Omninb</span> <span class='ocrx_word' id='word_1_409' title='bbox 1037 4150 1127 4211; x_wconf 80' lang='lat' dir='ltr'>summi,</span> <span class='ocrx_word' id='word_1_410' title='bbox 1142 4162 1164 4204; x_wconf 79' lang='lat' dir='ltr'>et</span> <span class='ocrx_word' id='word_1_411' title='bbox 1181 4149 1194 4203; x_wconf 75' lang='lat' dir='ltr'>i</span> <span class='ocrx_word' id='word_1_412' title='bbox 1212 4149 1292 4217; x_wconf 59' lang='lat' dir='ltr'>qulbus</span> 
     </span>
     <span class='ocr_line' id='line_1_45' title="bbox 140 4214 1110 4283; baseline 0.007 -21"><span class='ocrx_word' id='word_1_413' title='bbox 140 4214 230 4267; x_wconf 75' lang='lat' dir='ltr'>illunis.</span> <span class='ocrx_word' id='word_1_414' title='bbox 737 4214 1110 4283; x_wconf 64' lang='lat' dir='ltr'>pluuntqurqueutcenqant·</span> 
     </span>
    </p>
   </div>
   <div class='ocr_carea' id='block_1_9' title="bbox 0 0 1382 4914">
    <p class='ocr_par' dir='ltr' id='par_1_10' title="bbox 0 0 1382 4914">
     <span class='ocr_line' id='line_1_46' title="bbox 0 0 1382 4914; baseline 0 1"><span class='ocrx_word' id='word_1_415' title='bbox 0 0 1382 4914; x_wconf 95' lang='lat' dir='ltr'> </span> 
     </span>
    </p>
   </div>
  </div>
 </body>
</html>
