2754 4914
159 294 164 319 1
320 215 323 221 ·
405 206 467 310 na
491 159 583 281 aaa.
612 172 966 307 oaotnaupr.'
1168 224 1229 294 2¹7

90 346 168 424 sunt,
184 342 219 405 de
233 363 291 425 rep.
307 341 359 415 ribi
374 340 480 419 scripsi,
499 340 567 423 quia
582 334 653 401 inihi
670 335 837 414 consilium,
854 352 943 420 atque
959 336 1111 423 Ingenium
1130 356 1235 398 meum
1264 406 1266 414 y

91 439 108 469 e
121 421 244 510 amplilrs
260 451 350 512 aequo
366 428 552 509 probaretur3
568 426 619 485 led
637 427 712 485 inter
726 424 837 485 labores
853 425 979 499 militiae,
1001 426 1134 505 interque
1150 428 1234 505 proess

92 515 319 591 uarietonas,
345 512 513 592 imperium,
542 509 627 571 statui
653 511 869 570 admonendum
896 511 973 570 tede
995 511 1120 595 negotiis
1143 511 1233 572 urba,
1269 584 1271 591 ἲ
1307 538 1311 564 r

93 590 149 664 nis.
195 600 336 682 Namque
358 599 408 660 tibi
427 595 471 656 ts,
487 596 512 655 td
530 596 618 657 modo
635 597 663 656 in
680 595 796 675 pedlore
819 593 930 655 consilii
947 593 998 669 est,
1022 593 1064 655 uri
1082 609 1110 654 te
1126 595 1162 669 ab
1178 597 1236 655 ini·
1274 630 1277 645 ι

94 676 243 750 micorum
261 687 370 767 impetu
387 672 528 757 vindices,
545 681 768 763 qnoque-modo
782 699 884 740 contra
900 680 1071 742 caduersum
1086 681 1237 742 consulem

93 771 238 834 beneficia
254 769 352 851 populi
373 771 510 828 retineas:
536 767 654 850 indigna
671 768 777 826 virtute
794 769 843 825 turi
859 767 982 847 cogites.
1029 766 1079 826 Sin
1096 767 1126 826 in
1142 783 1170 826 te
1185 766 1234 826 ille

97 860 212 919 animus
238 855 290 930 est,
313 857 362 936 qui
383 855 444 937 jam
472 853 488 913 ai
511 854 654 932 principio
675 851 836 913 nobilitatis
862 851 1019 912 faetiottem
1043 849 1235 929 disturbavit5

96 943 210 1023 plebem
234 941 324 1004 Rom.
347 961 384 1000 ex
400 941 481 1023 gravi
502 939 634 998 servitute
656 936 686 998 in
702 938 864 998 libertatem
892 937 1033 1009 rellituit;
1063 937 1092 998 in
1108 933 1237 1016 praeturd

94 1028 284 1090 inimicorum
310 1047 391 1086 arma
417 1024 534 1087 inermis
549 1023 681 1106 disjecit3
711 1023 791 1082 domi
816 1020 988 1100 militiaeque
1011 1038 1103 1096 tanta,
1128 1032 1238 1086 ettam

91 1111 232 1203 praeclara
252 1113 382 1172 facinora
404 1110 485 1181 fecit,
507 1104 602 1167 utine
627 1107 738 1168 inimici
753 1100 972 1189 qttidem'queri
997 1109 1157 1190 quidquam
1183 1129 1236 1167 au-

91 1190 198 1272 deant,
219 1196 320 1257 nilide
337 1195 538 1276 magnitudine
555 1184 623 1252 tual':
657 1193 728 1274 quin
751 1194 851 1272 accipe
866 1208 898 1254 tu
913 1214 958 1267 ea,
975 1212 1043 1272 quae
1058 1194 1153 1254 dicam
1171 1193 1182 1229 ‘¹
1199 1192 1235 1252 de

93 1284 208 1344 summai
235 1274 333 1362 repub.
360 1303 428 1362 quae
454 1277 584 1358 profedib
600 1292 650 1336 aut
671 1292 700 1337 tu
729 1298 796 1338 vera
819 1279 960 1361 invenies,
987 1294 1038 1339 aut
1058 1279 1139 1340 certe
1159 1278 1235 1353 haud
1321 1312 1323 1320 t

92 1356 196 1448 procul
221 1366 238 1427 ὲ
262 1388 341 1433 vero.
386 1364 447 1427 Sed,
461 1363 601 1443 quoniam
626 1359 687 1424 Cn.
706 1361 862 1442 Pompeius
887 1382 936 1424 aut
961 1365 1051 1424 animi
1080 1364 1234 1446 pravitate,

93 1460 147 1515 ‘aut
158 1453 226 1533 quia
239 1451 309 1511 nihil
319 1473 354 1510 eo
367 1450 469 1510 maluit
481 1451 569 1532 quam
584 1449 663 1531 quod
677 1448 728 1511 tibi
743 1446 860 1522 obell'et,
875 1449 913 1508 ita
927 1449 1018 1528 lapsus
1030 1449 1083 1525 est,
1099 1466 1131 1509 ut
1145 1449 1237 1510 holli-

95 1540 152 1613 bus
168 1538 224 1598 tela
239 1537 268 1597 in
286 1556 389 1597 manus
404 1537 535 1622 jaceret:
565 1536 671 1616 quibus
684 1535 732 1595 ille
748 1535 833 1595 rebus
854 1555 943 1614 remp.
962 1536 1159 1608 conturbavit,
1181 1535 1235 1595 eis·-

96 1617 165 1685 dem
181 1621 232 1684 tibi
250 1621 446 1684 erestituenda
469 1619 524 1686 el’r.¹
564 1619 698 1682 Primtlrn
720 1620 855 1699 omniurn
870 1616 883 1654 f
899 1614 1041 1680 suminam
1066 1619 1236 1700 potestatem
1303 1629 1308 1637 '

97 1707 278 1786 moderandi,
306 1708 342 1768 de
363 1706 551 1788 veeligalibus
577 1707 748 1785 sumptibm,
771 1702 902 1790 judiciis,
929 1706 1110 1765 senatoribus
1136 1708 1237 1785 paucis

96 1793 234 1874 tradidit3
263 1784 372 1873 plebem
398 1791 578 1866 Romanam,
595 1793 679 1880 eujus
695 1791 778 1853 antea
793 1792 903 1851 summa
921 1789 1044 1871 potestas
1056 1809 1129 1864 erat,
1146 1792 1238 1852 gnos-

97 1901 156 1960 que
172 1880 216 1940 his
232 1878 351 1957 quidem
366 1877 492 1959 legibus,
514 1879 543 1938 in
559 1879 695 1938 servitute
710 1877 836 1958 reliquit.
882 1875 1010 1958 Judicia,
1029 1877 1154 1948 tametsi,
1173 1876 1182 1910 l
1199 1877 1237 1939 sr-

96 1979 148 2044 eut
164 1963 259 2037 antea,
275 1963 369 2024 tribus
385 1963 538 2039 ordinibus
555 1963 658 2024 tradita
674 1963 759 2033 sunt;
784 1980 882 2023 tamen
900 1963 986 2022 iidem
1008 1963 1046 2024 illi
1062 1960 1173 2024 faeliol‘r
1190 1984 1246 2024 re-‘

96 2064 183 2131 gunt,
199 2051 280 2123 dant,
296 2049 427 2108 adimunt
444 2069 510 2127 qnae
527 2049 626 2109 lubet:
653 2049 822 2110 innoeentes
841 2050 1097 2110 circumveniunt:
1124 2050 1188 2110 suos
1201 2051 1236 2110 ad

96 2135 241 2195 honorem
256 2132 409 2193 extollunt.
455 2132 526 2194 Non
544 2133 669 2207 facinus,
695 2154 753 2195 non
770 2135 921 2213 probrum,
947 2148 999 2193 aut
1014 2135 1158 2218 flagitium
1181 2137 1237 2194 ob-

96 2219 163 2293 stat,
181 2220 243 2298 qud
259 2220 356 2279 minus
373 2216 556 2301 magistratus
580 2220 714 2297 capiant:
745 2219 823 2298 quod
840 2221 1032 2282 commodum
1049 2220 1090 2281 est
1105 2220 1236 2295 trahunt,

95 2307 231 2385 rapiunt:
267 2302 423 2384 postremi),
445 2322 582 2386 tanquam
598 2303 603 2338 ⁵
621 2307 690 2365 urbe
705 2307 802 2384 capta,
824 2305 964 2380 lubidine,
990 2327 1024 2365 ae
1039 2306 1157 2368 lieentia
1174 2309 1235 2383 sua,

95 2386 150 2473 pro
174 2390 287 2472 legibus
308 2402 442 2450 uruntur.
491 2396 536 2451 Ac
562 2412 610 2451 me
634 2390 751 2470 quidem
777 2392 930 2453 mediocris
954 2392 1038 2452 dolor
1058 2393 1235 2474 angeret,sr

95 2479 203 2538 virtute
218 2491 326 2555 partam
344 2475 495 2537 vidioriam
520 2497 599 2536 more
621 2479 671 2538 luo
694 2477 706 2511 l
724 2499 772 2554 per
788 2479 933 2538 servitium
956 2498 1132 2537 exercerent.
1179 2480 1235 2540 Sed

95 2563 230 2643 homines
252 2563 423 2633 inertiffimi,
443 2583 568 2643 quorum
591 2563 687 2622 omnis
704 2562 759 2633 vis,
785 2563 930 2642 virtusque
946 2563 973 2621 in
990 2562 1088 2641 lingua
1100 2562 1156 2622 lita
1172 2564 1233 2635 ell;

76 2692 79 2697 ·
96 2647 184 2727 lette,
199 2664 288 2731 atque
302 2647 307 2682 ¹
324 2648 440 2707 alterius
460 2647 589 2709 socordia
604 2646 833 2708 dominationem
857 2641 983 2707 oblatam
1001 2646 1153 2706 insolentes
1169 2650 1233 2732 agi-

599 2875 725 2931 NOTAE.

128 3057 250 3121 lAmpIius
268 3055 351 3122 aequa}
384 3058 426 3124 Qi
448 3055 510 3103 alteri
531 3058 644 3105 consillum
683 3057 795 3105 restituiffe
822 3056 951 3117 Pompeium
987 3059 1141 3118 intelligemus,
1176 3063 1234 3120 qued

96 3124 141 3176 dat,
154 3124 245 3183 superior
256 3124 298 3170 elle
310 3127 409 3182 videtur,
435 3124 485 3168 illud
498 3123 585 3169 excusat
596 3124 644 3170 Sal·
683 3139 735 3171 eum
752 3119 814 3170 antea
823 3121 897 3167 feeille
909 3125 1013 3179 vidimus,
1032 3139 1057 3169 ur
1067 3141 1144 3172 auzum
1164 3141 1234 3185 popu-

96 3187 182 3238 lustius.
339 3232 344 3245 Ι
684 3182 749 3234 larem
760 3198 863 3250 captaret,
884 3189 1046 3250 volentibusque
1065 3189 1176 3235 lervitium
1190 3190 1235 3236 im·

130 3249 185 3297 bai·
201 3250 245 3360 id.)
277 3250 355 3298 Tacite
370 3250 442 3296 innuit
465 3250 555 3311 iqjurias
572 3250 644 3299 uindi-
685 3264 782 3313 poneret.

97 3310 184 3370 candae,
194 3327 216 3360 et
236 3315 349 3374 upre'rnurn
358 3312 480 3373 potestatem
493 3318 645 3361 invadendam.
687 3324 690 3330 '
716 3317 848 3382 §NtsqaeJ
875 3311 1233 3377 OtrlInemequestremintelliQe.

130 3378 278 3438 cadaverum
293 3377 410 3441 consulem]
430 3379 563 3426 Marcellum
581 3381 645 3424 intel·
717 3377 730 3415 h
748 3376 903 3445 staurarium]
922 3383 979 3439 Lege
996 3380 1080 3428 Plautii
1097 3383 1152 3442 plebi
1169 3398 1234 3428 corn·

97 3441 149 3502 ligo,
166 3443 219 3488 elim
230 3440 365 3497 AEmiliurn‚
381 3443 471 3486 alterum
481 3444 568 3487 consule
583 3458 645 3502 mpe-
685 3444 794 3490 manicata
810 3446 901 3506 judicia,
925 3445 991 3490 ordini
1013 3446 1118 3491 senatorio
1141 3448 1153 3491 a
1174 3445 1234 3506 Sylla

97 3505 435 3555 cunffiCaesarsuumfeeuset:
458 3505 647 3563 hisenim,non,
685 3507 784 3554 transsata
795 3509 888 3556 fuerant.
921 3510 979 3568 Lege
991 3509 1041 3556 verb
1057 3510 1150 3557 Aurelii
1168 3515 1243 3572 qu'am'

96 3585 122 3618 ut
134 3573 220 3632 quidam
233 3570 373 3625 existimavit,
390 3569 502 3625 Marcello,
519 3583 540 3616 et
551 3571 646 3618 Lentulo
684 3573 734 3619 tulit
751 3573 969 3622 muneratoria
987 3586 1074 3636 praetor,
1097 3576 1152 3620 inter
1171 3577 1236 3622 fena-

94 3635 228 3691 eonlulibus,
252 3634 352 3700 'scriptam
371 3634 435 3681 snite
457 3634 515 3681 hane
534 3637 645 3696 epistolam
684 3650 749 3692 tores,
768 3641 860 3698 equites,
881 3650 903 3686 et
918 3641 1013 3685 tribunos
1037 3641 1129 3694 aerarios,
1153 3639 1235 3698 judicia

95 3701 230 3747 crediderim.
469 3705 471 3708 '
683 3697 767 3757 eadem,
777 3719 803 3762 ea
812 3703 909 3763 Pompeii
921 3701 1030 3748 vuluntate
1041 3703 1108 3749 divisa
1118 3705 1176 3748 sunt.

127 3765 139 3802 d
157 3761 302 3830 Desammdt]
321 3764 407 3814 Omnes
418 3764 482 3808 libros
492 3762 601 3825 desanmd
610 3782 644 3829 re·
715 3768 721 3812 i
739 3767 796 3827 Urbe
807 3767 895 3831 rupem]
927 3768 963 3813 Al
975 3766 1070 3832 hostibus,
1088 3768 1176 3821 seilicet,
1194 3766 1233 3826 qui

91 3829 186 3892 publica,
206 3833 312 3889 quomodo
332 3827 376 3874 fere
398 3829 458 3888 prisci
478 3831 563 3887 loquuti
585 3830 643 3887 sunt,
683 3831 758 3876 omnia
773 3847 811 3892 pro
823 3833 909 3878 libidine
921 3845 995 3890 agunt.
1258 3836 1261 3840 '

95 3895 198 3952 scriptum
209 3895 295 3951 habere,
307 3896 395 3938 testatur
405 3894 487 3941 Carrio.
671 3897 673 3901 ’
714 3892 729 3931 k
747 3896 788 3942 Fer
805 3893 924 3959 avitiam]
943 3898 966 3942 ld
984 3898 1023 3956 est,
1035 3911 1080 3941 curn
1090 3894 1180 3950 civibus,
1191 3912 1233 3942 ve-

127 3968 139 3994 0
158 3956 308 4020 Rrslr'ruerrda.]
328 3960 353 4002 ln
369 3959 471 4004 omuibus
489 3957 546 4003 libris
563 3958 642 4015 refiuu-
681 3959 772 4006 laticum
788 3965 854 4017 ervis,
865 3961 952 4024 agendo.
1256 3957 1259 3967 '

94 4021 215 4080 endumlegi
227 4021 316 4068 testatur
325 4023 399 4067 Carrio
409 4039 415 4077 3
426 4024 499 4082 ‘plualr
512 4023 608 4083 antiqui.
711 4022 719 4062 l
738 4025 855 4090 Attenia]
884 4020 914 4072 ‘lu
927 4027 965 4080 cll,
983 4023 1085 4083 ellurum
1108 4039 1179 4086 neque
1190 4019 1231 4073 hie

125 4084 281 4148 stammam]
299 4087 321 4137 Si
333 4092 388 4137 'nera
409 4089 502 4146 loq-ntur
521 4089 640 4146 Sulzuttiua,
680 4087 946 4154 quemquamringuiatim
958 4089 1063 4148 designat.
1097 4140 1105 4154 ι

92 4149 155 4208 ltine,
178 4150 227 4198 ideo
249 4151 334 4198 tantum
356 4152 490 4220 tribunitiam
512 4160 640 4214 potestatem
