2754 4914
224 214 229 227 ⁸
321 368 324 372 ‚
390 269 583 348 ‘Barnun
603 236 966 363 Ju'cuuarnuun.
1206 264 1262 370 919³

1174 351 1181 375 i

117 421 242 515 gloriam
263 425 379 514 injustae
404 427 545 511 potentia
569 437 790 508 anteponerent,
813 429 925 491 moveri
939 418 1054 506 civitas,
1074 435 1105 490 et
1119 425 1250 493 diiiensro
1309 472 1312 480 =

114 517 225 592 ciuilis,
240 515 322 596 quasa
337 524 350 551 ²
364 514 517 594 permixtio
531 524 627 588 terrae,
641 513 709 575 oriri
725 514 827 595 coepit.
871 511 954 585 Nam
970 513 1123 596 postquam
1144 513 1246 589 Tibe·

117 604 191 679 rius,
206 615 236 663 et
247 599 289 662 C.
305 597 474 673 Gracchus,
488 618 615 683 quorum
626 602 750 683 majores
765 598 890 674 Punico,
905 612 992 682 atque
1000 599 1062 661 aliis
1076 598 1160 662 bellis
1170 599 1251 664 ntul-

115 687 184 750 tdm
200 685 309 765 reipub.
324 683 500 761 addiderant,
516 683 664 746 vindicare
679 684 792 765 plebem
808 685 839 746 in
852 685 1029 761 libertatem,
1044 699 1073 748 et
1086 705 1249 766 paucorum

116 770 224 833 scelera
239 766 398 850 patefacere
412 771 553 852 coepdre3
576 768 712 832 nobilitas
728 771 830 846 noxia,
846 780 935 850 atque'
954 768 990 832 eb
1005 769 1144 851 perculsa,
1159 770 1263 836 modo·

117 855 288 978 persocios,
303 868 332 916 et
341 876 450 917 nornen
464 853 620 929 Latinum,
634 855 781 918 interdum
790 877 849 937 ,per
861 854 973 936 equites
990 854 1156 931 Romanos,
1172 877 1251 938 quos

149 942 208 1020 spes
223 939 363 1003 societatis
378 940 395 1002 a
411 941 493 1020 plebe
516 940 691 1017 dimoverat,
712 938 925 1004 Gracchorum
946 938 1110 1003 aditionibus
1130 939 1251 1006 obviam
1310 935 1313 946 '

116 1024 205 1086 ierat:
228 1037 258 1085 et
272 1023 367 1104 primo
381 1024 553 1102 Tiberium,
577 1024 644 1085 dein
660 1035 672 1063 0
688 1045 798 1105 paucos
813 1024 876 1106 post
888 1045 995 1101 annos,
1016 1025 1119 1088 eadem
1143 1026 1156 1063 ἀ
1174 1030 1183 1056 ¹
1200 1028 1249 1090 in·

104 1109 296 1191 ,gredientem
311 1106 432 1185 Caium,
454 1108 490 1171 T
493 1111 589 1183 ribun‚
611 1108 650 1190 pl.
666 1109 790 1172 alterum
805 1117 817 1147 ⁶
833 1111 1019 1174 triumvirum
1034 1107 1046 1147 f
1060 1111 1182 1175 coloniis
1196 1112 1250 1173 de·
1320 1116 1325 1125 '

113 1193 264 1269 ducendis,
276 1216 346 1257 curn
363 1192 411 1256 M.
425 1194 532 1258 Fulvio
547 1193 669 1270 Flacco,
683 1195 761 1258 ferro
771 1211 935 1258 necaverats
958 1192 1000 1258 Et
1012 1194 1077 1259 sane
1088 1194 1251 1272 Gracchis,

113 1280 248 1358 cupidine
257 1279 399 1359 vitrariae,
413 1280 491 1342 haud
501 1279 567 1343 satis
579 1281 695 1342 animus
707 1281 896 1346 gmoderatus
908 1280 971 1344 fuit.
987 1277 1000 1316 ¹²
1012 1279 1067 1343 Sed
1078 1282 1157 1345 bono
1166 1281 1250 1344 vinci

114 1363 202 1427 satius
213 1364 267 1444 eii,
282 1364 373 1448 quam
388 1367 467 1429 malo
477 1387 559 1430 more
569 1365 707 1453 injuriam
723 1366 851 1431 vincere.
874 1364 969 1451 Igitur
979 1365 1014 1430 eai
1029 1365 1153 1433 victoria
1163 1369 1251 1432 nobi-

532 1614 846 1682 rnrenenarnrro.

163 1812 172 1840 ¹
207 1809 250 1889 Et
271 1807 399 1873 nobilitat
420 1824 569 1873 necaverat
579 1810 667 1895 ferro
705 1832 791 1872 unum
817 1833 851 1872 cu
880 1807 1045 1871 triumviris
1069 1809 1119 1893 qui
1138 1806 1254 1874 colanias

114 1893 205 1978 primi
222 1890 365 1958 liberium
382 1893 550 1972 Gracchum,
571 1894 668 1957 deinde
704 1897 836 1959 deducere
849 1895 991 1974 debebant,
1009 1918 1070 1962 cum
1083 1895 1134 1960 M.
1149 1894 1256 1961 Fulvio

116 1982 174 2063 post
191 1995 289 2064 paucos
304 2004 389 2043 annas
408 1983 500 2044 cadam
518 1979 667 2065 rualicntcm
707 1980 814 2046 Flacca.
1023 1981 1024 1985 ἵ

69 2144 73 2153 ⁸
120 2065 223 2130 Caium
233 2065 402 2145 Gracchum,
416 2065 560 2131 tribunum
570 2064 668 2151 plebis,

519 2264 527 2279 ¹
618 2310 748 2371 uocas}
855 2279 857 2285 ’
988 2333 1004 2371 ,ε

130 2523 132 2527 »
153 2491 294 2543 nPerrrrixtia
311 2495 397 2562 tcrrae.]
422 2495 529 2556 intellige,
546 2512 598 2544 cunr
616 2495 668 2545 reli·
740 2490 915 2556 {Moderatus}
933 2491 1001 2549 Nota,
1018 2492 1102 2554 qualo,
1119 2487 1212 2540 Sallustii
1219 2490 1261 2551 ju·

121 2556 168 2615 quis
184 2560 304 2606 elementis.
338 2561 442 2621 Expressi
457 2561 554 2621 profecto
569 2578 616 2608 rem
633 2563 668 2619 ip·
707 2558 807 2605 dicium:
825 2555 909 2618 optime
920 2558 946 2602 de
958 2573 981 2603 re
997 2554 1104 2615 maximi,
1121 2556 1173 2618 quin
1191 2559 1218 2600 de
1235 2571 1259 2601 re

110 2621 165 2666 sam
186 2621 227 2668 hic
249 2626 407 2683 comparatione
430 2627 534 2684 signavim
561 2628 668 2686 quemad·
708 2638 758 2684 quae
773 2621 869 2682 quotidie
885 2621 964 2667 millies
981 2621 1005 2665 in
1017 2621 1137 2676 usuvenit,
1153 2621 1261 2665 sententi-

121 2687 211 2732 rnodum
223 2687 284 2734 enim
294 2704 320 2732 ex
331 2691 489 2735 elementorum
502 2689 668 2744 commixtione,
707 2697 744 2731 am
759 2685 823 2731 dixit.
857 2686 888 2731 Ea
906 2685 936 2730 eii
952 2684 1013 2730 enirn
1029 2685 1099 2730 cordia
1116 2683 1181 2730 nostri
1197 2682 1259 2728 falla·

121 2761 167 2811 nep
179 2750 244 2796 modo
256 2753 313 2796 nulia
325 2769 371 2810 pars
383 2753 446 2799 ullius
457 2755 482 2799 ab
503 2753 549 2799 aliis
568 2751 669 2797 discerni·
709 2750 750 2805 cia,
768 2758 805 2794 aut
823 2746 968 2806 imbecillitas,
986 2747 1094 2794 arteriam
1113 2749 1168 2795 dum
1185 2747 1260 2792 ainu-

122 2820 168 2869 tur,
184 2814 218 2857 sed
232 2814 324 2872 ampliirs
342 2815 400 2862 inter
410 2816 430 2860 se
443 2817 524 2861 beilum
544 2815 670 2862 intestinum
709 2821 753 2858 tem
764 2811 881 2870 sestamur,
898 2812 966 2857 nimio
977 2812 1047 2858 studio
1058 2812 1080 2858 ln
1093 2811 1172 2873 vitium
1184 2811 1270 2857 incorr

79 2866 85 2879 ⁸
122 2888 217 2935 geront5
235 2874 359 2938 itaquando
376 2880 485 2926 vaferrimi
505 2880 603 2935 latrones,
621 2880 671 2926 boni
709 2891 789 2924 ramus.
822 2879 940 2931 Voluntas,
963 2893 1013 2937 quae
1032 2875 1102 2937 primd
1120 2878 1145 2922 ad
1166 2877 1259 2932 tonum,

121 2951 145 2986 et
155 2940 246 3000 pubiicae
258 2942 360 2989 libertatis
372 2943 441 3003 specie
457 2943 611 3003 rempublicam
629 2960 668 3003 op·
710 2941 759 2987 boni
776 2941 842 3003 specie
853 2932 975 2999 ferebatur,
990 2943 1016 2987 ad
1033 2941 1117 2989 malurn
1134 2941 1180 2986 sine
1197 2939 1261 2988 sensu

122 3005 249 3064 presserunt,
266 3005 338 3052 caecus
359 3011 449 3067 populus
464 3007 570 3055 assertores
582 3018 604 3053 et
614 3008 669 3068 legi·
709 3006 807 3062 inclinat,
824 3009 878 3053 dum
897 3003 1002 3066 paulatim
1014 3021 1039 3053 ea
1049 3006 1100 3052 boni
1115 3004 1203 3066 speeies,
1221 3020 1260 3064 pro

122 3070 188 3116 timos
203 3069 250 3116 suos
265 3073 406 3118 moderatores
418 3072 469 3118 crim
481 3073 604 3132 dignoscere
619 3073 669 3119 nes·
710 3071 771 3119 variis
783 3071 960 3126 circumstantiis,
978 3071 1119 3128 caligantibus
1129 3070 1198 3116 oculis
1210 3069 1259 3115 sur-

122 3132 163 3188 eit,
180 3133 304 3195 plerumque
315 3151 350 3181 eos
362 3152 399 3195 per
410 3137 534 3184 discordiam
555 3136 600 3184 soie
617 3138 670 3184 inst·
708 3136 799 3194 cipitur,
817 3133 902 3191 deinde,
918 3135 968 3195 quia
978 3135 1002 3182 in
1012 3143 1075 3181 motu
1090 3136 1131 3195 est,
1147 3143 1260 3190 movetur,

123 3196 237 3243 dictoribus
248 3200 373 3246 madlandos
384 3202 454 3247 tradit.
709 3215 752 3246 non
764 3201 815 3260 quia
831 3201 913 3247 bonum
928 3199 1069 3260 persequitur.
1102 3199 1162 3244 istud
1178 3198 1261 3244 indicat

154 3255 252 3324 hspes]
271 3265 375 3309 Senatum
386 3266 468 3324 equites
487 3265 600 3325 aliquandd
617 3281 670 3312 aue·
709 3265 828 3322 Sallustius,
852 3263 913 3318 ciam,
937 3263 1040 3323 cupidine
1056 3262 1162 3318 vidloriae,
1179 3262 1261 3309 nimios

122 3324 208 3371 toritate
228 3323 264 3372 sud
284 3327 460 3387 eommunicaiise,
478 3331 512 3375 vel
522 3345 549 3375 ex
568 3330 669 3391 Epitome
688 3336 692 3341 “
709 3327 821 3374 Gracchos
842 3327 903 3374 fuisse
927 3327 988 3373 dicit.
1021 3328 1078 3373 Haec
1105 3326 1194 3401 cupido,
1221 3325 1260 3373 hie

79 3386 102 3405 ”
123 3386 180 3435 Flori
193 3390 336 3446 cognoscitur.
709 3393 776 3438 animi
797 3403 870 3438 motus
887 3390 1003 3447 rationem,
1020 3389 1063 3451 qud
1075 3391 1125 3437 boni
1144 3391 1203 3437 cives
1220 3389 1260 3436 fu·

153 3459 165 3488 c
185 3452 288 3516 Paucae]
314 3454 431 3502 Undecim'
445 3466 482 3502 aut
498 3456 622 3513 duodecim,
644 3459 670 3503 ad
709 3468 771 3502 erant
783 3466 804 3502 et
820 3457 958 3513 dicebantur,
974 3454 1001 3502 ab
1017 3468 1093 3511 eorum
1110 3454 1180 3504 oculis
1198 3458 1264 3512 avesq

74 3570 77 3575 ¹
123 3515 244 3563 sumntum.
709 3521 744 3566 tit.

120 3573 121 3578 ¹
155 3579 356 3644 &ingredientem
374 3583 481 3643 Populum
499 3584 613 3632 defendere
629 3600 671 3650 xco·
713 3623 715 3627 ,
741 3581 832 3647 Μαί]
850 3585 919 3632 Nunc
936 3585 963 3631 de
983 3578 1057 3632 senatu
1077 3583 1262 3645 Sallustiosju'di·

125 3653 198 3699 nasus,
215 3646 287 3692 fratris
297 3646 387 3704 agrarias
398 3649 453 3707 leges
464 3649 559 3706 ail‘cruit,
577 3654 621 3696 dcc.
710 3649 770 3696 cium
790 3652 853 3696 suurn
871 3649 961 3709 profert,
978 3651 1023 3707 cui,
1041 3659 1066 3695 ut
1077 3651 1112 3697 ille
1125 3650 1164 3709 ait,
1181 3644 1262 3696 menta

88 3764 91 3771 .
155 3709 350 3774 carlomanum]
369 3711 420 3759 Mos
437 3727 481 3759 erat
497 3726 547 3772 tres,
564 3717 671 3776 quinque,
710 3713 784 3761 fuilfet
799 3714 952 3761 Gracchorum
965 3714 1021 3763 bono
1037 3727 1060 3760 et
1076 3713 1176 3775 aequitate
1194 3712 1262 3768 vinei,

124 3773 277 3833 septemdecim
288 3777 353 3841 viros,
371 3782 413 3824 dcc.
423 3779 512 3837 eligere,
525 3780 561 3840 qai
575 3780 599 3826 iis
611 3795 672 3840 agros
710 3778 776 3838 quam
795 3780 883 3826 vincere
903 3778 1015 3838 injurians.
1050 3783 1084 3826 At
1102 3777 1153 3825 verb
1170 3792 1262 3835 genera·

126 3838 249 3895 diuiderent,
267 3841 301 3900 qui
313 3840 336 3884 in
348 3844 440 3889 colonias
451 3846 620 3892 deducebantur.
710 3843 752 3892 tim
772 3846 887 3905 loquendo,
904 3859 948 3890 non
964 3841 1037 3904 aperte
1053 3843 1181 3890 sententiam
1200 3842 1261 3885 suam

156 3900 167 3937 f
181 3902 286 3968 cotanda]
306 3906 398 3953 Colonia
418 3910 534 3956 multitudo
548 3921 598 3971 ¹erat
615 3907 671 3956 cisi·
710 3911 780 3955 dicere
791 3909 868 3957 audior
878 3908 957 3965 voluit,
971 3925 1006 3965 ne,
1018 3909 1033 3954 fi
1046 3909 1118 3953 Patres
1130 3901 1261 3950 nominatim

126 3981 163 4012 um
175 3966 336 4029 Romanorum,
353 3973 388 4032 qni
402 3974 488 4019 in'aliaa
500 3975 559 4020 sedes
576 3977 672 4021 deduce-
710 3973 886 4037 reprehendisset,
903 3974 1011 4021 audaciter
1021 3971 1096 4020 fecisse
1106 3969 1222 4020 rideretur.

125 4031 211 4099 bantur,
222 4032 342 4096 quibusque
354 4037 397 4098 agri
409 4037 491 4102 publici
502 4038 671 4100 aihpnabantur.
