2754 4914
22 211 28 217 ·
100 212 167 273 222
256 176 262 185 ’
485 152 557 262 Λᾶ
572 187 613 264 e.
635 171 866 263 caesariem
1164 202 1170 237 2

101 329 194 400 remi
215 309 267 396 M.
283 317 386 397 Bibuli
402 328 582 418 'fortitudq
596 345 685 414 atque
700 331 792 394 animi
808 333 865 408 vis,
880 310 1115 395 inconsolatum
1131 329 1265 418 erupit?

102 419 194 485 hebes
214 417 329 516 liqguai,
356 413 453 501 magis
469 416 578 494 maluS,
593 438 682 499 quam
699 417 832 493 callidus,
861 418 989 502 ingenio.
1034 416 1121 500 Quid
1136 419 1195 481 ille
1209 442 1264 482 aua

105 505 184 579 clear,
204 525 253 566 cur
276 503 455 579 consulatus,
478 504 643 566 maximum
669 504 838 583 imperium,
864 504 998 566 maximo
1011 502 1150 566 dedecori
1176 505 1261 569 fuit?

104 590 158 654 An
174 587 212 652 L.
229 588 384 654 bDomitii
411 611 519 673 magna
544 590 588 651 vis
603 588 655 665 est,
678 590 764 674 cujus
790 589 905 651 nullum
921 589 1089 654 membrum
1108 590 1125 652 a
1141 589 1263 676 flagitio

103 690 156 739 aut
172 673 302 737 facinore
323 688 409 737 vacat
425 675 437 737 i
468 676 586 757 Lingua
606 696 692 748 vana,
714 695 819 736 manus
834 689 975 748 cruentae,
1001 675 1088 754 pedes
1107 677 1260 759 fugaces;

128 782 173 822 uae
195 761 314 823 honeste
328 761 473 824 nominari
501 775 660 843 nequeant,
688 758 926 822 inbonelliffima.
970 758 1071 823 Unius
1086 777 1194 825 tamen
1209 761 1259 825 M.

103 783 230 911 {atonis
245 847 397 930 ingenium
413 846 559 909 versutum
571 845 695 928 loquax,
715 845 868 919 callidum,
887 846 963 908 haud
977 860 1149 909 contemno.
1199 845 1259 911 Pa-

105 947 209 996 rantur
234 933 299 994 haec
321 932 470 1010 disciplini
495 927 709 994 cGraecorum.
754 930 810 992 sed
835 938 937 1008 virtus,
966 933 1132 1015 vigilantia,
1161 933 1261 1009 labos,

104 1018 181 1100 apud
198 1015 325 1084 Graecos
348 1017 427 1079 nulla
442 1017 515 1079 lunt.
562 1015 694 1100 Qrippe,
709 1017 779 1079 cum
799 1016 878 1078 domi
904 1018 1064 1080 libertatem
1080 1018 1178 1094 suam,
1206 1039 1258 1100 per

102 1103 239 1169 inertiam
270 1102 437 1179 amiserint3
475 1103 611 1166 censesne
641 1125 744 1166 eorum
774 1107 928 1185 praeceptis
958 1105 1118 1184 imperium
1152 1105 1256 1169 haberi

102 1186 204 1275 polstl
244 1187 364 1270 Reliqui
378 1188 413 1249 de
428 1189 556 1252 laciione
577 1189 643 1254 sunt
658 1189 816 1252 inertiffimi
845 1189 978 1252 nobiles:
1018 1190 1190 1273 inquibus,
1211 1189 1256 1265 vsi·

102 1288 156 1340 cut
171 1274 202 1336 in
216 1271 321 1349 staturi,
338 1289 445 1356 praeter
459 1297 580 1348 nornen,
601 1275 672 1338 nihil
688 1273 730 1337 est
743 1273 944 1337 additamenti.
989 1274 1027 1340 L.
1052 1274 1257 1360 posthumius,

103 1375 134 1424 et
148 1356 203 1423 M,
224 1357 386 1436 Favonius,
403 1360 473 1421 mibi
490 1361 625 1425 videntur
640 1359 721 1444 quast
737 1381 855 1442 magnae
871 1358 953 1421 navis
968 1361 1147 1441 supervacua
1162 1383 1256 1432 onera

102 1443 172 1521 elle,
190 1444 238 1507 ubi
254 1445 322 1509 salvi
349 1446 498 1526 pervenire
513 1448 526 1485 ἃ
542 1446 593 1508 visr
612 1447 700 1522 sunt;
734 1444 755 1507 sr
771 1446 842 1528 quid
858 1443 965 1507 adversi
981 1461 1117 1510 coortum
1137 1446 1193 1526 eli,
1216 1449 1255 1513 de'

102 1531 162 1594 illis
188 1531 367 1614 potissimum
395 1542 406 1568 ⁶
418 1530 535 1617 jactura
557 1531 602 1601 fit,
628 1532 698 1615 quia
723 1532 806 1611 pretii
832 1531 951 1593 minimi
972 1532 1045 1594 sunt.
1091 1533 1253 1612 Qioniam

102 1638 196 1692 nunc,
221 1616 264 1680 uti
281 1618 353 1680 mihi
370 1619 479 1694 videor,
501 1617 537 1678 de
552 1617 634 1697 plebe
658 1616 824 1678 renovanda
838 1617 1086 1700 corrigendique,
1112 1617 1253 1682 disserui:

102 1703 141 1766 de
156 1704 267 1779 senatu,
289 1725 357 1784 quae
380 1703 432 1765 ribi
447 1702 560 1786 agenda
575 1703 721 1775 videntur,
746 1703 854 1763 dicam.
899 1700 1057 1785 Postquam
1082 1705 1154 1767 mibi
1176 1720 1255 1768 aetas

103 1789 322 1873 ingeniumque
347 1787 472 1850 adolevit
495 1789 571 1850 haud
588 1787 680 1849 ferme
696 1787 795 1860 armis,
820 1802 908 1868 atque
921 1791 1017 1869 equis,
1041 1809 1146 1870 corpus
1160 1810 1253 1852 exer-

104 1878 169 1956 cui,
184 1877 230 1936 sed
251 1874 383 1936 animum
405 1876 435 1935 in
452 1873 554 1935 litteris
569 1873 698 1956 agitavit
723 1873 802 1955 quod
818 1874 923 1934 naturai
948 1872 1061 1935 firmius
1075 1889 1148 1951 erat,
1171 1876 1201 1938 id
1217 1875 1252 1940 in

63 1965 72 1976 “
103 1959 253 2025 laboribus
268 1959 366 2021 habui.
411 1960 513 2040 Atque
535 1979 592 2045 ego
606 1959 638 2021 in
652 1962 687 2022 eal
710 1961 771 2022 viti
785 1957 878 2020 multai
897 1957 1035 2042 legendo,
1063 1975 1149 2042 atque
1164 1961 1254 2024 audi*

104 2047 193 2120 endo,
221 2047 260 2106 ira
275 2046 406 2125 comperi
420 2071 429 2120 ς
451 2045 552 2106 omnia
571 2064 672 2127 regna,
696 2044 840 2119 civitates,
856 2045 1003 2120 nationes,
1027 2046 1115 2127 usque
1128 2048 1167 2108 eb
1181 2068 1253 2128 pro·

103 2131 217 2214 sperum
242 2130 399 2210 imperium
424 2126 563 2208 habuille,
589 2131 660 2192 dum
685 2130 759 2210 apud
774 2149 824 2191 eos
841 2151 908 2190 vera
929 2129 1049 2193 consilia
1071 2130 1252 2197 valuerunt:

105 2216 288 2298 ubicumque
302 2209 406 2297 =gratia,
430 2216 530 2288 timor,
557 2216 703 2297 voluptas,
726 2237 760 2275 ea
774 2215 941 2294 corrupere,
970 2215 1033 2296 post
1047 2215 1135 2297 pauli>
1148 2217 1253 2281 immi-

103 2317 185 2366 nutae
200 2319 282 2379 opes,
307 2299 412 2361 ‹leinde
427 2300 594 2379 ademptum
620 2301 787 2378 imperium,
812 2299 959 2381 postremo
973 2302 1092 2364 servitus
1116 2302 1255 2384 impolita

60 2462 62 2467 Α
101 2387 153 2449 est.
197 2383 344 2467 Equidem
360 2406 416 2467 ego
438 2384 477 2446 lrc
503 2384 578 2464 apud
601 2387 732 2446 animum
749 2406 849 2446 meum
874 2383 993 2463 statu03
1023 2387 1205 2472 cuicumque
1219 2393 1253 2454 in

56 2468 59 2473 ’
102 2471 286 2539 suicivirate
301 2471 436 2552 amplior,
460 2467 652 2550 illustriorque
667 2469 762 2545 locus,
786 2468 876 2552 quim
894 2472 956 2534 aliis
979 2469 1032 2549 est,
1060 2473 1086 2534 ei
1107 2495 1253 2558 magnam

53 2626 58 2633 ¹
103 2579 208 2621 curam
223 2555 279 2620 elle
294 2558 364 2638 reip.
408 2555 490 2618 Nam
507 2558 621 2620 caeteris
636 2556 711 2619 salvi
727 2555 808 2632 urbe,
828 2559 1034 2620 tantummodo
1049 2558 1169 2622 libertas
1185 2576 1257 2624 tuta

102 2640 165 2708 est:
189 2645 240 2727 qui
257 2665 307 2724 per
321 2643 460 2706 virtutem
475 2640 525 2704 srbi
538 2642 666 2716 divitias,
676 2644 786 2715 ·.decus,
803 2642 957 2718 honorem,
973 2659 1169 2724 pepererunt;
1201 2646 1252 2708 ubi

102 2730 223 2812 paulum
240 2730 381 2791 inclinata
396 2728 466 2808 resp.
491 2729 592 2811 agitari
607 2728 712 2808 coepit,
737 2726 935 2809 multipliciter
949 2731 1064 2792 animus
1086 2732 1179 2807 curis,
1204 2746 1252 2794 at-

103 2835 163 2896 que
177 2815 334 2890 laboribus,
357 2813 517 2895 fatigatur,
540 2831 591 2876 aut
617 2814 754 2895 gloriam,
781 2834 832 2875 aur
855 2812 1028 2890 libertatem,
1055 2829 1107 2877 aut
1121 2837 1186 2880 rem
1203 2818 1251 2880 sa-

103 2900 248 2963 miliarer'n
270 2899 398 2960 defensat
410 2923 420 2972 3
442 2901 582 2960 omnibus
605 2899 678 2959 locis
694 2897 781 2972 adest,
805 2898 919 2960 festinat
931 2925 941 2973 3
964 2899 1079 2979 quanto
1099 2902 1130 2963 in
1142 2902 1251 2964 secun·

103 2986 149 3047 dis
172 2984 258 3046 rebus
284 2983 436 3044 florentior
460 2984 516 3044 fuit
541 2997 623 3042 tanto
638 2984 668 3044 in
692 2982 815 3044 adversis
831 2983 966 3063 asperius,
990 2985 1142 3070 magisque
1159 2986 1252 3050 anxie

104 3071 207 3153 agitat.
254 3068 350 3151 Igitur
364 3068 412 3128 ubi
429 3066 525 3147 plebes
548 3066 668 3140 senatui,
683 3066 765 3127 ficmi
787 3088 895 3147 corpus
911 3070 1022 3146 animo,
1045 3073 1154 3146 obedit,
1169 3073 1252 3155 'ejus-

105 3177 162 3240 que
173 3153 291 3218 conlrlia
307 3155 520 3233 consequitur3
543 3169 638 3232 patres
658 3150 779 3213 conlrlio
795 3151 888 3214 valere
905 3155 1003 3226 decet,
1023 3157 1132 3238 populo
1145 3156 1252 3238 super-

104 3260 232 3307 vacanea
246 3238 287 3300 est
308 3239 459 3300 calliditas.
504 3239 609 3318 ltaque
625 3240 747 3322 majores
768 3237 870 3314 nostri,
894 3235 967 3302 crim
988 3238 1073 3302 bellis
1087 3241 1253 3323 asperrimis

105 3338 319 3412 premerentur,
342 3325 437 3404 equis,
455 3325 535 3399 viris,
553 3324 677 3404 pecunia
692 3324 810 3395 amissi,
830 3345 984 3406 nunquam
1000 3326 1098 3390 defeili
1112 3328 1179 3391 sunt
1200 3351 1252 3391 ar-

105 3413 178 3478 mari
193 3410 228 3474 de
242 3409 365 3490 imperio
381 3424 500 3474 certare.
546 3407 623 3474 Nun
638 3413 738 3492 inopia
759 3413 864 3488 aerarii,
879 3431 941 3474 non
967 3411 1010 3472 vis
1024 3410 1165 3493 bostium,
1186 3437 1252 3480 non

606 3714 736 3769 NOTAE.
786 3769 787 3772 ,

36 3903 39 3914 .
138 3873 149 3898 a
165 3856 293 3923 Fortitudo]
311 3854 381 3904 leonia
392 3852 432 3899 cll.
695 3839 791 3912 Canio,¹
802 3851 877 3911 hebet,
898 3851 931 3915 ufi
938 3850 998 3917 sum,
1019 3868 1057 3916 μω
1073 3867 1118 3914 quo
1139 3852 1256 3912 papan,

138 3928 152 3966 b
170 3923 280 3987 Domitii]
297 3918 421 3972 AEnobarb'r
434 3913 533 3973 nomine,
551 3917 588 3979 qui
601 3934 656 3968 eon-
696 3919 783 3976 corrigit
803 3919 849 3968 usui
863 3916 932 3979 [μω
963 3916 1048 3979 Lipfiu,
1066 3917 1182 3977 jngenqmq
1200 3918 1253 3966 (ἡ

105 3995 138 4042 lul
150 4005 199 4039 ante
213 3995 294 4050 aliquot
307 3999 373 4035 annos
384 3982 462 4029 fuerat·
696 3980 821 4042 ennjebiurss
842 3980 927 4042 reponit
946 3982 993 4027 viri
1003 3981 1063 4045 ssent.
1103 3980 1169 4029 Fortb
1195 3983 1256 4031 nihil

138 4051 313 4116 wacaeorum]
345 4045 412 4096 Cerri
422 4059 466 4092 non
479 4044 509 4090 ita
520 4044 546 4090 le
557 4044 657 4095 Sallustio
695 4050 837 4094 mutandum.
863 4071 866 4080 r

105 4123 183 4169 merita
194 4131 240 4165 erat
256 4115 353 4165 Graecla-
475 4169 482 4182 ι
701 4114 710 4130 ⁴
728 4118 737 4137 ⁶
754 4103 911 4174 Jaklurafit]
928 4109 954 4159 ld
964 4108 1005 4174 cll,
1023 4112 1045 4161 ia
1051 4107 1184 4177 profundum
1194 4109 1255 4178 ahj'p.

62 4204 66 4216 ¹
138 4185 215 4246 ‘Vra
230 4178 307 4250 sum]
340 4178 412 4230 vem
431 4172 508 4231 editio,
528 4179 554 4219 ut
569 4169 657 4222 restatur
695 4176 790 4222 ciuntur.
