2754 4914
110 202 174 275 ἠΰ
568 198 803 271 SALLUSTII

109 330 194 402 '‘unai
207 334 314 417 specie:
332 348 427 417 neque
444 333 570 413 flumen,
586 356 683 416 neque
694 355 779 397 mons
794 342 867 411 erat,
880 335 931 416 qui
944 334 1017 401 sines
1031 356 1133 405 eorum
1148 341 1253 409 discet*

108 439 212 487 neret:
242 422 336 503 '⁰quae
361 441 471 485 reseos
497 424 528 486 in
543 442 654 505 magno
677 421 879 500 diuturnoque
900 422 976 484 bello
992 424 1068 487 inter
1097 427 1124 489 se
1143 429 1257 494 habuit.

109 506 272 590 Postquam
288 507 437 588 utrimque
452 507 596 592 legiones,
613 510 682 568 item
707 503 804 565 classes
819 503 892 585 saepe
908 508 987 583 susae,
1004 510 1193 596 sugataeque;
1223 531 1256 578 et

110 596 196 656 alteri
218 594 326 655 alteros
342 593 532 675 aliquantum
547 594 729 664 attriverant,
753 588 837 652 veriti
852 612 890 654 ne
906 614 978 653 mox
994 594 1101 672 vidios,
1118 599 1257 665 vidiores-

104 686 169 761 que
197 677 320 741 defessos
341 678 414 740 alius
437 679 617 764 aggreditur,
644 697 695 754 per
717 675 851 739 inducias
880 677 1096 758 tsponsionem
1127 686 1254 763 faciunt,

107 764 154 828 uti
171 780 254 827 certo
273 765 321 826 die
336 766 425 847 legati
445 766 535 827 domo
549 760 821 845 proficiscerenthr3
851 782 914 909 guo
928 765 959 826 in
974 764 1043 826 loco
1060 769 1138 830 inter
1158 770 1184 833 se
1198 773 1255 834 ob-

109 852 152 914 vii
173 850 302 927 fuissent,
329 853 353 912 is
368 849 537 913 communis
560 847 710 927 utriusque
732 846 831 927 populi
880 847 924 910 nis
950 849 1113 915 haberetur.
1159 854 1258 939 Igitur

109 936 171 1000 duo
185 938 287 1000 fratres
304 935 486 1017 Carthagine
509 932 595 1008 missi,
621 933 731 1013 quibus
747 954 857 996 nornen
870 931 1012 999 Phiiaenis
1027 953 1102 1014 erat,
1123 960 1258 1004 matura-

108 1024 180 1085 vere
195 1024 249 1086 iter
265 1041 404 1106 pergere:
435 1019 616 1104 Cyrenenses
631 1017 742 1080 tardius
759 1022 768 1048 ¹
786 1017 854 1081 isere.
889 1017 923 1081 Id
941 1021 1120 1100 socordiainn
1134 1049 1173 1088 an
1190 1031 1258 1090 casu

109 1108 263 1185 acciderit,
287 1105 390 1188 partim
415 1107 557 1189 cognovi.
603 1100 758 1166 Cae‘terrim
785 1103 900 1168 soleria
925 1104 1000 1169 locis
1025 1106 1084 1171 iilis
1100 1113 1255 1192 tempestas

109 1195 188 1257 haud
211 1197 301 1265 secus,
326 1207 415 1270 atque
430 1191 461 1252 in
480 1192 566 1266 mari,
590 1189 726 1253 retinere.
771 1187 868 1268 Nam,
895 1191 945 1253 ubi
963 1214 1013 1272 per
1027 1193 1092 1254 soca
1115 1197 1256 1278 aequalia,

109 1296 141 1343 et
165 1284 180 1311 ²
192 1279 269 1341 nuda
292 1277 495 1359 gignentium,
520 1289 627 1340 ventus
642 1289 779 1337 coortus
798 1295 917 1340 arenam
933 1278 1024 1339 humo
1039 1279 1191 1358 excitavit,
1218 1307 1255 1347 ea

106 1365 258 1447 magnarii
274 1364 396 1444 agitata,
407 1384 471 1438 ora,
482 1361 643 1444 oculusque
653 1359 792 1442 implere3
805 1362 845 1424 ita
858 1362 1008 1444 prospesiu
1020 1363 1171 1447 impedito,
1184 1391 1254 1432 mo-

101 1452 165 1510 aari
182 1454 245 1512 iter.
271 1446 432 1530 Postquam
444 1446 630 1533 Cyrenenses
645 1446 798 1527 aliquanto
813 1446 825 1483 ‘¹
842 1444 1015 1529 posteriores
1030 1449 1056 1512 se
1069 1446 1125 1515 esse
1140 1454 1256 1531 vident,

107 1534 191 1596 etob
207 1556 269 1596 rem
285 1548 468 1616 corruptam,
494 1533 576 1597 dorni
592 1552 696 1611 poenas
714 1547 872 1607 metuunt3
905 1543 914 1581 ³
930 1535 1080 1599 criminari
1097 1537 1257 1622 Cartbagi-

95 1620 222 1705 ⁸nienses
236 1637 303 1681 ante
319 1638 435 1699 tempus
451 1619 542 1681 domo
555 1614 713 1702 digressos:
743 1619 919 1681 conturbare
934 1639 997 1681 rem
1014 1643 1022 1682 2
1046 1623 1171 1702 denique
1184 1649 1255 1688 om-

100 1707 156 1770 nia
176 1706 277 1781 malle,
292 1704 382 1785 quam
399 1704 469 1767 vieti
494 1704 582 1765 abire.
628 1699 684 1762 Sed
700 1701 771 1763 crim
796 1701 914 1766 ePoeni
930 1705 1019 1766 aliam
1046 1708 1252 1773 conditionem

108 1792 318 1855 tantummodo
331 1811 448 1871 aequam
464 1804 608 1870 peterent,
624 1784 751 1851 'Graeci
767 1794 780 1833 ³
794 1790 948 1868 optionem
963 1786 1254 1873 Carthaginiensium

106 1878 245 1952 faciunt3
269 1874 313 1936 uri
329 1875 376 1936 vel
391 1874 443 1949 illi,
459 1873 472 1912 ¹³
487 1894 562 1955 quos
578 1872 651 1936 fines
666 1871 774 1954 populo
789 1872 841 1935 suo
854 1888 996 1953 peterent,
1012 1875 1052 1936 ibi
1070 1879 1128 1950 vivi
1143 1880 1255 1940 obrue-

106 1980 231 2038 rentur;
264 1960 308 2021 vel
322 1961 425 2023 eaidcm
447 1959 617 2023 conditione
634 1960 700 2036 sese,
723 1978 813 2040 quern
829 1958 975 2021 inlocum
998 1960 1119 2039 veilent,
1136 1967 1256 2045 proces.

105 2050 198 2111 suros.
241 2045 379 2121 Philaeni,
405 2046 577 2108 conditione
602 2045 736 2127 probati,
765 2047 864 2125 seque,
891 2047 1045 2128 vitamque
1074 2047 1153 2109 suam
1181 2054 1258 2131 reip,

107 2131 311 2197 condonavere
326 2159 337 2209 3
361 2132 402 2194 ita
424 2132 483 2195 vivi
499 2131 608 2195 obruti.
653 2126 912 2213 Carthaginienses
926 2128 958 2193 in
980 2153 1018 2195 eo
1031 2132 1100 2196 loco
1115 2132 1257 2201 Philaenis

524 2306 841 2357 INTERPRETATIO·

152 2430 163 2460 ¹
189 2423 349 2512 Cyrenenstr
362 2421 477 2487 lentiore
487 2424 583 2506 gradu
593 2439 664 2509 pra·
744 2436 753 2474 ³
778 2423 929 2508 Postquam
959 2424 1121 2528 &renarffer
1155 2430 1265 2510 vident,

15 2572 18 2579 .
107 2512 250 2601 crffirunt.
564 2540 566 2545 ·
691 2509 787 2599 seeffa
812 2511 956 2595 aliquanti
973 2516 1143 2611 passarana,
1165 2532 1194 2578 ar
1213 2516 1254 2576 ri-

152 2604 166 2633 ²
189 2598 258 2663 Crini
279 2592 505 2662 uentus'obrrrus
526 2595 664 2661 excitavit
700 2613 776 2659 ment
785 2620 819 2659 ne
829 2597 901 2662 darni
907 2612 1068 2683 puniantur
1081 2602 1111 2662 ob
1121 2622 1178 2665 rem
1182 2618 1253 2686 per-

15 2680 17 2685 ’
108 2683 189 2749 hama
216 2707 334 2749 arenam
358 2699 414 2769 per
441 2682 499 2744 lica
520 2678 611 2767 plana
636 2695 665 2744 et
700 2683 810 2757 ditum
839 2698 982 2768 caeperunt
998 2687 1150 2753 criminari
1163 2703 1190 2749 et
1204 2712 1254 2750 ac-

100 2771 211 2854 plantis
225 2771 347 2832 omnibus
361 2768 504 2848 destituta,
527 2791 561 2830 ea
574 2790 664 2831 arena
701 2770 797 2869 casam
812 2769 1070 2860 Carthaginienses,
1092 2774 1170 2859 quast
1181 2776 1254 2839 dorna

106 2857 221 3004 agiam
249 2854 353 2938 magari
380 2857 414 2916 vi
435 2851 529 2938 inplet
557 2874 609 2917 ora
636 2866 664 2919 et
699 2855 811 2941 digreffl
823 2856 906 2947 efflat
920 2872 987 2919 aare
1001 2872 1115 2944 tempus.

105 2966 154 3008 eca
179 2964 201 3004 s.

615 3122 745 3178 NOTAE.

140 3264 153 3289 ⁸
167 3252 240 3320 Uen]
263 3255 334 3302 laeua
345 3260 400 3309 erat,
411 3249 448 3299 ubi
458 3265 528 3314 neque
536 3264 609 3307 moris,
621 3266 661 3298 ne·
699 3250 784 3311 rutum
806 3263 871 3316 atque
898 3252 951 3302 adeo
971 3267 1075 3314 magnam
1101 3252 1146 3315 agri
1167 3262 1253 3318 partera

108 3338 153 3382 que
172 3322 266 3380 flumen,
279 3320 343 3380 prout
353 3321 407 3367 dicit
416 3317 501 3377 ausint,
511 3317 661 3377 corispieieba·
700 3316 786 3364 civibus
796 3318 910 3379 diligentis
921 3316 959 3366 sui
971 3318 1107 3377 lucrifecisse.

109 3385 211 3448 tur3ubi
219 3387 314 3446 denique
323 3382 388 3430 facies
400 3383 565 3430 unaeteadem·
598 3381 660 3428 cat.
732 3383 838 3448 ⁸Paenr']
872 3383 1071 3443 Carthaginienses,
1100 3382 1162 3433 Pani
1189 3383 1253 3441 dieti,

109 3450 341 3578 Uneraseranpggne.
700 3446 759 3509 quasi
777 3448 864 3508 Phoeni,
883 3446 1057 3507 {Phenicibun
1073 3452 1131 3496 unde
1142 3448 1254 3506 originem

111 3542 114 3549 ·
143 3514 282 3579 bQaera.
330 3509 404 3576 Qod,
421 3509 511 3569 scilicet,
530 3510 587 3559 fines
604 3511 661 3558 truisi
699 3512 817 3559 ducebant.

108 3580 185 3628 essent.
241 3594 276 3626 ut
296 3575 358 3631 vero,
380 3575 475 3636 inquies,
494 3575 568 3623 sitibus
589 3588 660 3623 mate·
731 3573 856 3642 [Graeci]
889 3577 1035 3639 Cyrenenses,
1047 3590 1102 3638 quos
1111 3584 1174 3621 satra
1183 3575 1252 3621 (ἶπε-

109 3646 159 3693 nia?
191 3642 309 3705 Mustrpsex
329 3638 424 3686 nascitur
442 3641 477 3686 ves
494 3653 522 3686 ex
540 3639 582 3686 solri
594 3641 661 3701 juris·
699 3637 728 3687 εἰ
738 3641 781 3689 esse
790 3643 874 3700 origine
885 3642 991 3689 vidimus.

110 3709 217 3765 diffluae,
235 3707 286 3768 quia
298 3708 357 3753 sotus
370 3703 414 3751 suit
425 3704 544 3751 viatoribus
554 3703 660 3766 frequen·
731 3703 886 3769 ‘optionem
917 3702 950 3749 Isr
965 3704 1012 3750 sear
1027 3701 1136 3755 merear
1154 3699 1251 3752 latnie.

109 3788 187 3824 taruar
207 3771 289 3821 libidini
300 3768 353 3819 veto
368 3769 420 3831 quid
430 3765 540 3815 intasiurn
562 3770 606 3815 esse
621 3785 660 3832 po·
699 3769 733 3815 lta
749 3768 847 3831 loquitur
857 3766 977 3815 Terentius
994 3764 1073 3813 alicubi
1084 3766 1107 3811 in
1125 3765 1252 3821 sabularurn'

110 3838 174 3889 test?
700 3834 801 3893 prologis,
819 3830 871 3879 edm
891 3828 953 3885 dicit,
964 3829 1056 3892 Vestram
1069 3826 1174 3889 judiciuin
1184 3830 1253 3893 seri,

143 3912 156 3945 e
172 3903 190 3951 S
215 3895 410 3968 firmjaciuass
427 3896 452 3943 Id
463 3895 661 3956 charantanum,
699 3912 747 3957 pro.
759 3892 961 3955 Vabiry'adicandan
970 3890 1061 3958 resr'quir.

108 3983 131 4018 aa
141 3914 285 4033 congrium.
318 3966 378 4013 (tart.
396 3960 426 4010 sss
436 3962 564 4009 eminent.
732 3957 746 3997 ΙΙ
764 3958 844 4023 Quen]
877 3960 947 4003 Hunc
960 3970 1010 4004 nota
1019 3949 1122 4020 ioquendi
1138 3962 1250 4007 moduine

142 4028 315 4099 wastitiam]
347 4028 447 4087 Intellige
465 4038 502 4072 eor
519 4026 545 4071 ad
561 4024 660 4072 medium
700 4024 773 4071 sensus
794 4024 826 4070 est
845 4019 1007 4083 apenninus,
1031 4024 1066 4071 sed
1087 4022 1168 4087 phrafis
1190 4038 1253 4075 extre

110 4112 218 4160 eampum
234 4113 279 4145 nou
295 4088 421 4159 perienisse,
440 4088 594 4151 Philanosque
610 4089 661 4148 pide
697 4089 798 4137 ordinem
809 4084 984 4133 constructionis.

30 4158 58 4193 a·
110 4162 179 4233 quim
209 4161 324 4217 armam
347 4170 431 4225 partem
454 4154 536 4208 itineris
559 4151 659 4202 emensae
712 4166 717 4174 ·

822 4236 848 4297 '2
