2754 4914
342 167 345 173 ’
395 205 457 277 na
478 203 577 276 aar.
599 202 897 277 onnmannn.
959 159 961 163 ¹
1159 234 1222 303 223

78 340 193 413 adversa
208 359 265 420 tea,
281 330 547 428 ingentam'eorum
561 338 696 403 animum
713 337 827 422 subegit
840 368 850 416 3
875 338 958 421 quin,
968 359 1040 423 qua
1050 341 1158 407 virtute
1172 365 1225 407 ee·

79 449 192 515 perant,
215 428 301 492 simul
317 450 385 490 cum
403 428 502 490 anima
524 426 669 489 retineret.
716 427 818 507 Atque
833 448 866 486 ea
892 425 986 511 magis
1009 426 1133 491 fortibus
1149 453 1225 494 con·

80 518 159 592 siliis,
173 514 263 599 quarn
280 515 365 575 bonis
381 513 505 594 praeliis,
521 527 632 593 patrata
647 513 723 573 sunt.
748 511 869 592 Qrippe
883 522 957 591 apud
974 512 1038 574 illos
1053 523 1065 550 ⁸
1078 538 1136 578 una
1151 518 1223 598 resp.

81 620 162 665 erat:
187 603 214 662 ei
231 599 435 662 consulebant:
457 598 549 661 faslio
575 614 678 660 contra
702 593 797 659 hostes
814 599 989 678 parabatur3
1013 621 1124 684 corpus
1136 619 1226 684 atque

72 688 246 771 ingenium,
258 686 385 765 ·patriae,
411 692 472 746 non
488 689 544 746 suae
566 683 684 765 quisque
701 685 851 764 potentiae,
874 683 1071 745 exercitaban'
1104 688 1147 749 At
1166 689 1224 751 hoc

81 791 225 853 ternpore,
241 769 343 832 contra
354 771 488 832 homines
501 770 626 842 nobiles,
642 790 772 850 quorum
788 771 901 829 animos
914 768 1054 844 socordia,
1072 786 1160 854 atque
1175 776 1226 856 ig-

24 846 30 867 *
81 861 177 932 navia,
199 854 321 930 invasu
353 855 446 937 ignari
470 855 589 929 laboris,
611 853 751 928 bostium,
774 852 899 929 militiae,
921 853 1000 914 domi
1023 850 1152 919 faitione
1175 859 1226 921 in-

81 943 193 1018 structi,
219 963 268 1023 per
284 941 442 1020 superbiam
459 940 575 1002 cundlis
597 942 732 1020 gentibus
747 938 946 1000 moderantur.
992 937 1098 1022 Itaque
1118 959 1225 1023 patres,

82 1050 208 1112 quornm
225 1026 347 1090 consilio
360 1025 447 1087 antea
468 1025 561 1086 dubia
582 1026 653 1105 resp.
677 1023 891 1086 stabiliebatur:
916 1027 1046 1105 opprqffr,
1069 1048 1108 1088 ex
1128 1029 1225 1092 aliena

79 1115 211 1188 libidine,
225 1112 284 1177 hirc
299 1128 390 1196 atque
407 1111 476 1172 illirc
492 1109 668 1172 llueluantes
684 1109 850 1191 agitantur:
874 1111 1018 1175 interdum
1035 1111 1103 1190 alia,
1123 1114 1227 1179 deinde

81 1200 150 1276 alia,
172 1200 354 1260 decernunt:
380 1211 544 1269 uteorum,
563 1197 615 1276 qui
631 1192 830 1282 dominantur,
848 1194 991 1272 simultas,
1012 1218 1046 1258 ac
1061 1200 1229 1283 arrogantia

81 1284 149 1360 fert,
174 1286 213 1344 ita
235 1284 360 1358 bonum,
386 1283 556 1363 malumque
576 1278 725 1360 publicum
748 1279 923 1342 existimant.
969 1283 1061 1364 Qrbd
1081 1283 1102 1346 st
1122 1302 1174 1347 aut
1189 1286 1228 1347 li·

81 1371 177 1430 bertas
203 1389 289 1445 aequa
318 1369 464 1442 omnium,
490 1379 541 1426 aut
564 1366 704 1427 sententia
733 1364 745 1402 b
770 1365 919 1434 obscurior
948 1366 1034 1429 eslet:
1066 1372 1232 1456 majoribus*
1280 1417 1282 1422 ·

82 1454 187 1535 opibus
204 1451 273 1532 resp.
289 1467 319 1513 et
335 1452 435 1514 mimis
451 1466 554 1533 potens
567 1450 705 1514 nobilitas
722 1448 799 1513 ell'et.
848 1448 902 1512 Sed
920 1453 1063 1532 quoniam
1076 1456 1228 1540 coaequari

81 1539 207 1622 gratiam
224 1538 357 1599 omnium
377 1538 495 1599 difficile
509 1533 574 1611 esl;
597 1536 704 1617 quippe
717 1536 785 1597 crim
802 1536 880 1599 cillis
893 1538 1039 1621 majorum
1053 1540 1144 1602 virtus
1160 1563 1228 1622 par·

82 1639 143 1686 tarn
160 1622 311 1704 reliquerit
323 1621 446 1704 gloriam
461 1622 649 1705 dignitatem,
670 1620 819 1684 clientelas
835 1649 844 1698 ;
869 1640 974 1684 caetera
991 1622 1150 1689 multitudo
1164 1629 1229 1708 ple·

80 1730 173 1789 taque
194 1708 303 1770 inscia:
328 1706 362 1769 srt
388 1706 529 1775 sententia
552 1727 656 1768 eorum
679 1705 793 1768 ametu
815 1708 914 1771 libera.
961 1705 1007 1768 Ita
1030 1710 1152 1775 occulto
1176 1712 1229 1775 fibi

82 1795 205 1876 quisque
221 1794 340 1855 alterius
356 1794 486 1874 potentia
502 1793 514 1830 ‘¹
529 1793 623 1853 carior
639 1806 709 1854 erat.
750 1783 887 1855 Libertas
898 1796 985 1879 juxta
1000 1793 1097 1869 bonis,
1117 1811 1148 1857 et
1163 1818 1228 1863 rna-

79 1880 129 1956 lis,
151 1879 286 1949 slrenuis,
312 1893 342 1940 et
362 1879 481 1960 ignavia
501 1877 637 1957 optabilis
659 1875 712 1939 est.
769 1877 881 1942 Verirm
904 1901 968 1940 eam
992 1879 1122 1960 plerique
1145 1897 1227 1947 metu

82 1962 227 2041 deserunt,
260 1962 415 2025 stultissimi
447 1963 607 2038 mortales3
637 1971 649 1998 ⁶
676 1962 755 2045 quod
786 1963 816 2026 irr
840 1965 999 2026 certamine
1030 1966 1153 2029 dubium
1174 1962 1229 2045 est,

82 2050 221 2130 quorsum
237 2049 362 2123 accidat,
385 2049 412 2111 id
436 2070 485 2129 per
501 2049 633 2109 inertiam
645 2048 686 2109 *in
701 2048 739 2125 se,
763 2047 843 2130 quasi
859 2049 940 2126 violi,
962 2052 1121 2132 accipiunt.
1165 2049 1229 2136 Igi-⁴

84 2146 133 2194 tur
151 2134 364 2195 duabusecbus
388 2133 555 2195 confirmari
581 2128 801 2213 posse‘senatum
816 2149 906 2215 puto:
934 2133 954 2200 fi
979 2157 1102 2199 numero
1123 2139 1230 2202 anetus

32 2246 36 2251 ·
82 2219 160 2299 fper
175 2219 310 2280 tabellam
334 2221 503 2280 sententiam
521 2220 603 2281 seret.
649 2217 777 2281 Tabella
795 2208 956 2283 gobtentui
971 2221 1037 2295 erit,
1057 2208 1118 2305 llud
1133 2225 1227 2308 magia

84 2306 189 2368 animo
212 2305 304 2366 libero
326 2305 422 2366 facere
444 2305 568 2366 audeat:
606 2302 660 2367 hin
682 2305 882 2383 multitudine,
907 2321 938 2367 et
961 2305 1082 2386 praeiidii
1108 2309 1172 2388 plus
1197 2325 1229 2375 et

85 2390 152 2452 usus
178 2390 312 2469 amplior,
336 2388 388 2452 est.
433 2386 517 2451 Nam
533 2390 592 2451 sere
612 2391 655 2451 his
672 2392 900 2471 tempestatibus,
928 2392 975 2452 alii
986 2392 1107 2476 judiciis¹
1130 2395 1227 2474 publi-

52 2509 60 2514 -
79 2478 137 2562 ⁸eis,
163 2475 211 2538 alii
225 2477 344 2557 privatis
359 2475 428 2553 suis,
443 2491 532 2560 atque
547 2477 711 2540 amicorum
727 2480 866 2562 negotiis,
890 2478 1046 2559 implicati²
1065 2481 1144 2542 haud
1159 2476 1226 2544 sani

587 2738 717 2794 NOTAE.

116 2947 216 3015 Ἥκω]
241 2950 267 2998 ld
279 2949 318 3008 est,
329 2919 379 3015 quse
398 2949 419 2995 in
421 2946 528 3012 safiioner
542 2961 579 2992 non
590 2957 637 3012 erat
708 2944 826 3012 &Quodij
859 2944 990 2994 servitutem
1021 2945 1133 3009 intelligit,
1168 2960 1227 3014 qne,

83 3014 176 3079 diversi.
211 3017 272 3062 Salus
292 3020 323 3062 est
335 3013 434 3075 profetid
444 3015 547 3060 omnium
562 3026 636 3057 mem·
675 3027 740 3072 qnam
752 3015 775 3056 in
788 3023 870 3071 partem
886 3014 955 3068 cadit,
966 3015 1071 3072 quamdiu
1081 3029 1119 3076 pro
1129 3015 1227 3064 libertate

84 3082 172 3126 brorum
183 3081 271 3126 societas
282 3089 305 3125 et
315 3079 500 3137 communicatio3
517 3076 582 3137 peltis
591 3076 636 3124 dis·
674 3086 778 3130 certatur,
790 3074 870 3121 nullius
880 3077 932 3122 scire
942 3079 1018 3136 potest.

82 3145 153 3192 cordia
164 3153 187 3190 et
196 3144 329 3190 abalienatio.
386 3137 397 3147 ”
705 3138 716 3176 s
735 3141 779 3186 Per
791 3139 911 3203 tabellam]
947 3141 998 3188 Non
1016 3156 1073 3187 unus
1090 3141 1133 3189 suit
1143 3144 1227 3206 semper

117 3207 271 3272 bottano]
289 3207 408 3255 obscurior
418 3207 450 3254 est
460 3205 504 3267 ipse
515 3205 636 3262 Sallustius,
675 3207 731 3267 apud
759 3205 872 3273 &aanor
899 3205 1027 3252 sententiam
1055 3205 1115 3254 suam
1142 3209 1227 3256 dicendi

84 3273 137 3316 dum
154 3271 227 3317 minda
240 3273 355 3319 obscuram
373 3270 470 3332 queritur
479 3272 570 3317 aliorum
584 3270 636 3317 sen-
676 3271 763 3324 modus,
780 3279 806 3314 ut
823 3284 893 3330 neque
905 3271 960 3329 apud
976 3272 1029 3314 aliur
1048 3282 1130 3329 gentes.
1163 3273 1228 3322 Voce

84 3333 185 3380 tentiam.
227 3335 307 3381 Badiua
333 3334 439 3394 intelligit
472 3335 499 3380 de
525 3333 636 3394 obsequio,
676 3331 757 3391 primb,
768 3333 856 3389 deinde,
873 3344 911 3376 aut
923 3332 991 3392 rnajor
1001 3334 1088 3382 libertas
1098 3335 1160 3393 esset,
1174 3353 1226 3398 per.

84 3413 130 3459 quo
155 3412 232 3444 omnes
255 3397 300 3444 seri
322 3395 372 3457 επεὶ
393 3411 470 3459 paucos
497 3398 635 3453 tenebantur,
677 3397 772 3452 tabelias,
799 3394 929 3455 suffragium
952 3400 1014 3444 suurn
1034 3399 1140 3446 ferebant.
1175 3400 1227 3465 Qfi

85 3465 184 3523 quodque
202 3461 328 3508 iliisminda
345 3462 458 3519 cognitum
477 3460 541 3506 fuisse
560 3460 637 3507 audior
675 3463 700 3506 de
712 3476 745 3516 re,
757 3460 814 3514 vide,
837 3461 859 3506 in
872 3460 953 3519 primia,
971 3461 1090 3510 Deleetum
1105 3465 1227 3516 Latinitatis

83 3524 226 3573 desiderisset.
259 3525 306 3584 Ego
327 3523 378 3571 verb
396 3521 435 3572 hie
453 3525 488 3584 agi
507 3525 636 3572 crediderim
674 3523 870 3590 MonetoJesuitae
886 3527 1024 3572 attributum.

83 3596 110 3638 de
126 3590 244 3650 suffragiis,
260 3606 310 3652 quae
318 3606 356 3650 per
366 3589 463 3649 tabellas,
480 3589 595 3648 dequibus
611 3605 635 3635 e·
707 3595 718 3626 ὅ
734 3586 854 3651 obtiniut]
889 3589 968 3636 Badius
982 3589 1073 3650 lxponit
1092 3590 1226 3640 adalliun·

82 3657 137 3702 tiam
148 3653 219 3716 posted
236 3655 349 3701 Sallustius
368 3654 471 3715 loquitur,
490 3651 633 3711 serebantur3
674 3652 733 3698 duur.
767 3653 814 3710 Ego
833 3652 862 3698 ita
873 3653 967 3713 intelligo
987 3665 1011 3699 ut
1022 3655 1097 3700 tabella
1112 3659 1169 3716 quasi
1187 3675 1225 3703 rre-

82 3735 111 3770 ne
133 3718 262 3782 cujusquam
284 3719 389 3766 sententia
411 3718 437 3764 ab
464 3718 508 3764 ullo
536 3717 637 3778 cognosci
675 3720 723 3764 lum
737 3715 803 3762 suerit
818 3727 840 3762 et
849 3719 1017 3777 operimentum,
1037 3719 1226 3780 subquoiatitan-

82 3785 156 3846 posset.
675 3790 707 3827 tes
728 3778 793 3827 libere
811 3779 912 3841 suffragia
926 3784 967 3842 'sua
986 3785 1088 3829 dixerint.
1121 3785 1245 3846 uhioni„

112 3855 122 3878 ⁰
138 3846 209 3911 litia]
227 3847 342 3894 Nobilibus
352 3843 442 3893 scilicet.
674 3847 695 3893 ia
706 3845 747 3902 est,
759 3844 900 3893 obtendendum
910 3858 928 3892 et
941 3846 1080 3910 obtegendum.

111 3910 123 3942 ⁸
140 3911 234 3977 Carion]
253 3914 278 3959 ld
287 3912 326 3968 est,
338 3907 516 4022 clmfingusrqper
527 3907 634 3966 rabulam,
705 3907 718 3946 ¹¹
736 3910 763 3956 In
773 3909 928 3974 multitudino]
946 3911 1006 3956 Istud
1018 3909 1068 3956 verb
1078 3909 1226 3971 disquisitione

82 3977 159 4022 nemine
176 3974 248 4039 conscio
262 3974 379 4035 senientiam
388 3974 445 4033 narra
476 3977 527 4020 icere
543 3972 634 4027 licuerit,
663 3972 744 4022 ,moini
753 3989 808 4035 opus
817 3971 890 4032 habet,
902 3989 966 4036 atque
977 3991 1015 4035 pro
1025 3975 1140 4033 multiplici
1152 3991 1225 4031 rtrum

81 4056 145 4088 omres
152 4041 196 4103 fibi
205 4055 224 4087 er
235 4039 353 4104 reipubslcae
365 4036 431 4101 magis
448 4038 512 4104 qudo
521 4051 634 4105 paucarum
673 4049 696 4087 et
706 4039 844 4103 personarum
854 4040 937 4090 ratione
946 4039 977 4087 esl
987 4034 1129 4106 imitandum.

74 4103 192 4171 superbie,
200 4104 343 4172 suffragitjuo
354 4101 463 4170 consulent·
