2754 4914
312 189 566 308 ounnnnus
588 218 1054 325 Jonnnnssvossrus.

115 361 233 443 firmem
247 367 311 442 styli
323 385 347 426 rr
364 372 499 429 viriraris.
539 370 689 446 Objenant
702 369 827 428 adversus
840 390 874 428 ea
886 369 986 461 aliqui,
997 371 1095 452 quod,
1116 391 1203 449 pravo
1216 376 1263 452 ln·n

115 447 214 525 liginis
228 445 318 514 succo,
332 446 462 526 pleraque
475 447 511 505 ad
521 449 663 509 Ciceronis
675 449 783 535 laudem
792 449 974 526 pertinentia,
985 472 1045 527 quae
1057 453 1128 529 apud
1138 451 1208 512 alios
1217 456 1258 512 le-

114 545 181 607 gere
195 524 238 591 fit,
252 524 425 601 praeterierit.
447 527 551 585 Verdm
563 548 595 587 ea
607 528 700 606 pptiirs
715 527 862 605 neglexisse
876 545 930 603 ego
941 529 1129 598 arbitrantes
1138 531 1256 599 utsalsa,

114 604 162 663 vcl
177 620 207 661 ut
220 603 327 663 incerta
340 602 436 681 plani,
449 604 495 663 vel
509 606 648 684 orexigua
659 624 692 664 ac
701 607 815 662 minuta.
837 600 918 683 Qiod
930 605 963 664 ad
975 605 1125 667 dislionein
1135 606 1258 669 Sallustii

113 683 228 749 attinet,
243 701 340 740 omnes
355 683 459 762 antiqui
469 683 611 760 judicant,
622 683 733 743 brevem
749 702 781 740 ac
794 684 935 742 nervosam
950 686 1011 753 elle,
1025 703 1054 743 et
1063 679 1257 761 Thucydidem

112 760 263 820 amulam,
290 760 361 819 sane
375 762 487 837 scriptor
500 763 537 819 est
550 760 634 836 plani
648 761 771 827 Atticus,
785 761 841 839 qud
855 763 937 821 laude
950 764 1128 823 Demostheni
1140 764 1264 843 propior,

112 841 163 907 est,
189 838 271 915 quiam
286 841 382 898 Cicero
395 842 473 919 ipse;
497 852 528 896 ut
540 837 610 897 bene
623 840 715 898 censet
728 839 876 899 Turnebus
890 840 922 898 in
936 842 1092 901 adversariis
1106 842 1167 903 suis.
1201 844 1255 905 Sed

92 934 146 977 ”ut
156 917 350 996 Thucydidem
362 940 416 976 non
427 936 524 976 omnes
534 916 699 993 probirunt,
718 918 757 976 ita
768 938 819 977 nec
833 918 952 978 Sallustii
961 921 1036 979 ditio
1046 920 1175 983 omnibus
1186 934 1253 998 pro-

112 997 244 1058 babatur,
282 998 357 1054 Nam
373 996 483 1055 Asinius
498 994 589 1053 Pollio
603 996 751 1055 damnabat
764 1017 838 1064 carn,
860 1010 988 1073 tauquam
1004 999 1159 1067 obscuram,
1179 998 1252 1060 etin

110 1075 333 1136 translationibus
347 1075 496 1132 audacem:
513 1090 542 1131 ut
554 1074 734 1152 Tranquillus
747 1068 899 1155 austures,
911 1076 959 1155 lib.
974 1077 1009 1135 de
1019 1078 1097 1136 claris
1111 1098 1253 1157 gramma·

110 1154 174 1215 ticis
184 1155 213 1212 in
224 1152 365 1231 Philologi
378 1154 447 1211 viti.
468 1153 604 1229 Imprimis
615 1154 683 1211 verb
696 1152 860 1231 reprehendi
870 1150 948 1222 solet,
960 1155 1033 1233 qnod
1043 1157 1157 1233 antiqua
1167 1156 1253 1217 verba

111 1252 147 1291 cx
170 1231 288 1293 Catonis
315 1229 481 1310 Originibus
494 1248 670 1315 excerperet:
693 1234 769 1307 cujus
803 1234 829 1289 ei
850 1231 1001 1291 memindre
1020 1236 1157 1311 Augullus
1178 1238 1253 1309 apud
1369 1238 1374 1246 '

109 1309 307 1388 Tranquillum
322 1309 352 1367 in
361 1309 453 1384 ¹ejusce
468 1308 580 1369 Caesaris
595 1310 664 1376 virt,
685 1255 815 1391 idemquie
828 1306 1023 1387 Tranquillus,
1044 1311 1096 1370 lib.
1113 1313 1147 1370 de
1168 1318 1250 1372 c'ars

108 1387 299 1468 grammaticis
313 1388 342 1447 in
354 1389 414 1447 viti
427 1391 531 1455 Lenaei,
545 1402 574 1446 et
589 1387 691 1448 Fabius
702 1408 736 1445 ex
746 1390 862 1466 antiquo
875 1394 1085 1466 epigrammate,
1101 1392 1150 1450 lib.
1164 1386 1248 1464 l'lll.

108 1488 171 1546 cap.
187 1466 230 1524 iit·
253 1464 306 1523 Sed
323 1465 382 1526 hac
395 1467 531 1544 impedire
545 1486 600 1535 non
616 1465 742 1544 putudre,
763 1470 818 1545 qud
831 1467 952 1524 minima
971 1466 1130 1544 Taciro‘(at
1144 1488 1249 1547 quanto

109 1546 189 1605 viro!
210 1568 291 1604 rerum
312 1547 475 1605 Romanorum
489 1547 671 1623 florentifflrpur
697 1553 792 1612 audior,
813 1544 865 1602 lib.
887 1546 941 1602 111.
980 1547 1157 1607 Historiarum
1173 1548 1250 1606 dice.

107 1639 196 1685 retur.
236 1620 300 1687 Iin'd
311 1626 391 1702 juxta
404 1623 565 1683 Martialem
579 1623 632 1682 lib.
647 1625 728 1682 XIV.
760 1624 863 1699 Crispus
874 1624 1089 1697 Romunriprimus
1101 1634 1129 1683 in
1142 1629 1171 1683 bi
1190 1629 1251 1685 oriri

108 1703 155 1759 cll.
191 1702 344 1780 Augustino
357 1722 464 1780 qunque
477 1703 528 1763 lib.
540 1700 643 1760 daviti
656 1702 750 1769 beari,
772 1716 885 1759 vocatur
896 1701 1045 1781 esctiifflmir
1061 1707 1176 1839 periſsem
1188 1727 1249 1765 uer.
1309 1728 1312 1731 ¹

109 1779 202 1841 burum.
215 1783 278 1854 lmd
293 1781 389 1839 Graeci
401 1782 452 1855 ipsi
466 1780 523 1854 ejus
536 1778 658 1839 historias
670 1778 741 1838 tanti
755 1779 855 1847 fecere,
865 1793 894 1837 ut
905 1797 948 1836 eus
963 1779 1076 1851 vuiterit
1120 1783 1247 1852 enobius,

107 1861 224 1936 sophista
237 1859 273 1927 is,
288 1861 337 1935 qui
349 1861 446 1917 anae
458 1857 553 1915 docuit
562 1859 610 1916 sub
625 1859 751 1917 Adriano
766 1857 895 1924 Caesare3
915 1856 1018 1935 quique
1026 1860 1169 1936 epitomen
1182 1880 1246 1937 pro-

105 1939 267 2001 verbiorum
282 1936 412 2011 Didymi,
423 1952 451 1993 et
460 1936 586 1994 Tarrhaei
599 1935 721 2015 scripsit:
737 1952 764 1992 ut
776 1934 847 1994 tellis
857 1938 895 1993 est
904 1934 1004 1995 Suidas
1014 1936 1044 1995 in
1055 1938 1171 2005 zursCsoq.
1193 1943 1248 1999 At.

105 2036 162 2094 que
175 2016 243 2075 inde
255 2016 301 2081 est,
315 2016 386 2091 quiid
404 2013 520 2072 Sallustii
534 2035 641 2091 quoque
655 2013 785 2073 meminit
800 2015 951 2088 Stephanus
961 2013 992 2071 in
1000 2014 1106 2090 ”Αζιλ“ις.
1129 2017 1260 2090 Utinam,

8 2142 11 2148 .
105 2095 175 2154 verb
188 2111 295 2155 extaret
317 2095 405 2169 Asper
427 2093 644 2158 Grammaticus,
663 2090 782 2150 Sallustii
808 2092 959 2184 interpres,
979 2091 1043 2151 teste
1063 2089 1246 2169 Hieronymo.

107 2173 241 2249 Qaedam
255 2192 290 2231 ex
302 2193 335 2230 eo
347 2172 416 2228 citat
425 2171 568 2261 Sosipater.
596 2173 718 2245 Joannes
732 2170 854 2247 Baptista
866 2172 930 2229 Pius
940 2172 1149 2231 annotationum
1158 2175 1262 2248 porta·

49 2254 51 2259 ’
104 2250 194 2310 riourn
208 2272 268 2329 cap.
284 2249 446 2309 LXXXlV.
462 2263 531 2307 citat
539 2249 679 2325 antiquum
689 2249 837 2317 audieram,
850 2249 899 2325 qui
906 2248 993 2307 vitam
1006 2249 1126 2325 Sallustii
1134 2250 1244 2328 scripsit.
1361 2316 1363 2321 ,

105 2329 180 2388 Eum
195 2349 251 2388 non
265 2326 335 2385 vidi.
371 2327 432 2386 'Sed
447 2327 512 2385 scito
526 2327 611 2386 vitam
632 2327 751 2386 Sallustii
767 2327 782 2384 ὲ
797 2328 932 2398 veteribus
945 2325 1081 2402 reliquisse
1096 2327 1246 2393 Asconium

105 2406 262 2468 Pediannm
275 2429 283 2464 ι
299 2421 328 2464 ut
336 2405 501 2484 cognoscere
511 2407 550 2464 esf
558 2426 593 2464 ex
604 2404 726 2472 Acrone,
736 2405 772 2464 ad
784 2407 883 2464 Horat.
898 2405 956 2465 Sat.
972 2425 999 2463 2.
1012 2403 1063 2463 lib.
1075 2406 1098 2465 1.
1115 2405 1261 2483 Ejunip7

105 2484 184 2547 ribus
204 2484 279 2543 idem
298 2487 389 2542 conati
413 2484 583 2560 Pomponius
603 2486 705 2550 Laetus,
725 2480 863 2541 et'Perrus
878 2484 1013 2541 Crinitus.
1054 2485 1106 2559 Sed
1120 2485 1163 2541 his
1178 2486 1246 2547 sides
1255 2512 1262 2562 '.

104 2562 246 2630 habenda,
266 2563 402 2639 quatenus
424 2575 546 2621 ueterum
567 2561 665 2620 scrinia
674 2561 871 2640 compiliruut.
911 2563 989 2621 Cave
1002 2574 1095 2619 autem
1110 2565 1246 2623 censal-

102 2639 244 2712 lusliohoc
254 2641 405 2702 confundas
419 2642 547 2718 Crispum
563 2640 731 2710 Sallustium,
740 2643 774 2698 ad
786 2659 869 2716 quem
881 2640 912 2698 in
922 2640 981 2698 odis
994 2638 1090 2698 scribit
1099 2640 1259 2713 Horatius,
1286 2688 1294 2697 .

105 2717 226 2790 historici
240 2721 318 2794 hujus
331 2720 428 2778 luroris
450 2721 549 2791 filium,
572 2721 685 2798 Augusti
701 2719 833 2787 amicum,
854 2716 890 2776 de
902 2738 957 2796 quo
968 2719 1082 2786 Seneca,
1105 2717 1157 2778 lib.
1171 2720 1194 2777 l.
1207 2719 1244 2778 de

107 2797 280 2864 Clementini,
302 2811 330 2860 et
342 2797 472 2865 Tacitus,
493 2800 543 2856 lib.
558 2803 595 2858 ll.
608 2814 636 2856 et
650 2799 704 2857 ΙΙΙ.
720 2798 817 2857 annal:
848 2800 874 2857 A
887 2816 944 2874 quo
956 2810 985 2853 et
998 2799 1140 2856 metallum
1153 2797 1242 2875 quod„

93 2874 383 2959 'dmsallullianum
395 2875 447 2941 esse
460 2875 577 2944 dinen,
598 2876 704 2943 Plinius
717 2879 810 2936 auctor
822 2878 872 2944 est,
892 2877 945 2935 lib.
960 2874 1054 2937 xxxiv.
1068 2896 1131 2958 cap.
1145 2873 1178 2936 ii.
1210 2936 1216 2947 ⁴
1244 2916 1247 2921 -
1305 2950 1323 2963 Η

1361 2708 1370 2745 l
