2754 4914
374 170 570 298 nat-nunt
592 224 984 315 memmimus
1079 260 1081 267 -
1113 266 1118 271 .
1147 314 1151 321 Ι
1176 205 1280 322 np-
1332 188 1335 193 ’

91 370 268 448 decreverat.
301 371 311 402 ¹
326 362 374 429 Ea
389 384 433 427 res
447 361 551 427 frustra
565 363 630 426 fuit.
677 360 796 426 Eodem*
807 379 939 445 ternpore
954 361 1117 462 Juguttha,
1133 366 1241 440 amissis

10 450 13 457 ⁴
70 524 73 527 ,
92 459 207 532 amicis,
231 473 361 538 quotum
376 450 527 535 plerosque
542 450 599 530 ipse
614 465 789 531 necaverat3
813 452 911 512 caetcri
927 451 1098 524 tormidine,
1121 461 1186 532 p'ars
1202 448 1242 512 ad

89 540 260 616 Romanos,
283 538 331 602 alii
346 537 380 600 ad
395 556 494 620 regent
511 533 668 600 Bocchum
689 536 898 619 profugerant:
921 535 991 597 etim
1012 558 1109 618 neque
1128 535 1246 602 bellum

91 628 154 711 geri
169 625 230 690 line
244 622 417 686 administris
432 619 534 704 posset,
553 638 584 683 et
600 643 747 684 novor-um
762 617 863 697 sidem,
880 621 908 683 in
925 624 1005 690 tantai
1022 621 1142 710 perfidia
1156 636 1242 684 vete·
1348 626 1352 637 “

91 734 172 786 rum,
194 710 318 793 experiri
345 706 541 790 periculosum
568 706 699 782 duceret,
721 709 824 769 varius'
842 707 1028 788 incertusque
1055 710 1240 790 agitabatur:

93 818 192 880 neque
206 796 247 858 illi
264 815 319 870 res,
342 812 436 875 neque
457 791 626 867 consilium,
649 810 700 854 aut
715 793 871 877 quisquam
888 793 1043 854 hominum
1061 791 1126 855 satis
1140 795 1246 874 place-

94 883 163 944 bat:
186 882 300 957 itirtera,
323 876 534 961 praefedlosque
551 878 582 939 in
605 878 664 940 dies
686 893 819 940 mutare:
845 879 935 939 modo
959 878 1110 942 adversum
1133 879 1274 959 hostes„

93 966 239 1040 interdum
256 967 286 1028 in
308 963 491 1055 solitudines,
500 983 639 1046 pergere:
661 963 736 1044 saepd
752 966 782 1026 in
797 964 879 1048 fuga,
904 980 933 1024 at
955 961 1019 1045 post
1040 962 1129 1044 paulo
1143 965 1175 1026 in
1191 987 1244 1027 ar·

92 1054 150 1114 mis
161 1052 239 1134 spem
248 1051 354 1114 habere
363 1070 371 1110 :
381 1049 528 1110 dubitaret
539 1049 638 1111 virtuti
652 1049 838 1130 popularium
850 1071 888 1111 an
900 1047 968 1110 fidei
977 1046 1075 1111 mindo
1086 1049 1240 1112 crederet?

91 1135 151 1213 Ita,
176 1148 371 1219 quocumque
387 1137 397 1164 ¹
415 1135 594 1211 intenderat,
607 1155 651 1196 res
668 1133 791 1211 adversae
805 1149 899 1196 erant.
946 1131 1003 1195 Sed
1017 1135 1094 1197 inter
1108 1155 1156 1196 cas
1173 1157 1244 1199 mo-

92 1217 140 1285 ris
155 1222 274 1304 repente
288 1222 315 1284 se
330 1215 475 1284 Metellus
491 1241 560 1282 curn
575 1221 704 1282 exercitu
721 1217 855 1280 ostendit.
878 1217 1023 1281 Numidae
1038 1221 1074 1280 ab
1090 1219 1243 1306 Jugurthd

35 1325 45 1339 ‘
92 1325 147 1390 pro
158 1309 293 1391 'ternpore
303 1306 414 1388 parati,
429 1303 624 1386 instructique
639 1306 721 1368 sunt:
738 1304 804 1367 dein
820 1305 961 1386 proelium
977 1305 1125 1386 incipitur.
1167 1304 1244 1390 Qrd

93 1380 127 1455 ih
141 1412 220 1472 parte
229 1399 287 1455 'rex
301 1397 408 1485 p'ugnae
422 1389 520 1468 affuit,
532 1392 572 1455 ibi
587 1389 756 1475 aliquanditi
771 1402 914 1452 certaturn
926 1412 933 1453 :
947 1395 1045 1451 caeteri
1058 1415 1161 1455 omnes
1176 1396 1261 1478 ejus,

95 1478 205 1541 milites
220 1481 315 1561 primo
330 1471 483 1560 congressu
497 1475 581 1565 pulsi,
593 1477 748 1560 fugatique
758 1476 908 1539 :Romani
925 1474 1086 1558 signorum,
1096 1496 1125 1553 et
1139 1500 1245 1542 armo-

23 1639 26 1647 Ι
94 1568 175 1639 rum,
197 1574 227 1626 et
240 1561 672 1646 aliquantohumero'hostiunt
688 1563 797 1644 potiti·
828 1559 910 1624 Nam
931 1562 1024 1624 terme
1046 1563 1195 1626 Numidas
1205 1565 1245 1629 'in

94 1648 236 1713 omnibus
258 1643 369 1731 proeliis
380 1678 382 1682 ·
393 1645 488 1729 tnagis
501 1645 588 1730 ¹pedes
603 1648 696 1732 quarn
711 1669 792 1710 arma
806 1661 901 1710 tutata
915 1646 987 1709 sunt.
1033 1646 1079 1710 Ea
1094 1650 1168 1733 fugi,
1179 1649 1241 1731 Ju-

94 1737 204 1821 gurtha
219 1732 372 1815 impensius
387 1732 478 1795 modo
493 1733 579 1796 rebus
594 1734 651 1796 suis
666 1734 811 1810 diffidens,
830 1734 901 1794 tum
917 1733 1056 1816 perfugio,
1069 1749 1098 1795 et
1112 1749 1193 1816 parte
1207 1759 1244 1797 e..

95 1821 242 1903 quitatis,
266 1822 296 1882 in
311 1821 491 1895 solitudines,
513 1818 580 1880 dein
595 1819 608 1858 l
624 1813 756 1902 Thalam
776 1819 928 1906 pervenit;
953 1820 983 1880 in
999 1821 1138 1903 oppidum
1156 1829 1246 1904 mag'-

94 1926 183 1984 num,
205 1922 235 1968 et
248 1905 444 1987 opulentum:
468 1905 517 1967 ubi
534 1903 663 1984 plerique
673 1896 818 1979 thesauri,
840 1902 1033 1988 filiorumque
1047 1908 1112 1989 ejus
1127 1909 1242 1970 multus

67 2025 69 2029 <
94 1993 227 2071 pueritiae
242 2002 253 2028 ⁶
270 1990 366 2052 cultus
379 2005 451 2053 erat.
478 1989 725 2073 Qpaepostquam
739 1988 864 2053 Metello
876 2005 1026 2071 comperta
1038 1992 1115 2068 sunt,
1129 2014 1239 2075 quam-

94 2096 187 2157 quam
201 2077 278 2139 inter
292 2075 424 2143 Tltalam
441 2075 614 2159 flumenque
629 2079 810 2158 proximum,
833 2077 864 2144 in
877 2077 968 2159 spatio
993 2077 1117 2143 millium
1145 2080 1239 2164 quin-

94 2163 250 2245 quaginta,
283 2161 350 2224 loca
374 2160 465 2236 atida',
495 2163 583 2244 atque
606 2162 684 2224 uasta
706 2179 901 2245 cognoverat,
933 2176 1032 2224 tamen
1056 2164 1084 2225 se
1106 2160 1242 2244 pairandi
1313 2237 1316 2243 ,

24 2302 29 2308 .
94 2244 177 2326 belli,
199 2247 297 2334 stejus
311 2247 410 2330 oppidi
430 2245 539 2328 potitus
561 2247 648 2323 foret,
670 2267 775 2312 omnes
796 2247 961 2334 asperitates
982 2249 1182 2332 supervadere,
1205 2272 1243 2314 ac

64 2376 67 2383 -
94 2331 110 2369 ἅ
121 2347 259 2395 naturam
273 2334 363 2397 etiam
377 2328 495 2395 vincere
513 2333 691 2418 aggreditur.
734 2331 832 2416 Igitur
853 2335 1101 2420 omniajutnenta
1120 2336 1245 2400 sarcinis
1278 2377 1280 2380 ⁴

87 2417 183 2482 ¹levari
196 2419 289 2504 jobet,
310 2415 364 2492 nist
388 2418 537 2480 frumento
550 2420 663 2482 dierum
678 2432 708 2483 x.
724 2417 870 2482 caeteritm
885 2431 896 2458 ⁶
912 2420 984 2482 utris
1008 2421 1111 2493 modd,
1132 2435 1163 2484 et
1173 2422 1244 2486 ‘alia

22 2548 25 2552 -
92 2510 182 2586 aquae
199 2504 306 2576 idonea
327 2505 445 2585 portari.
490 2501 637 2569 Praeterea
656 2505 807 2586 conquirit
820 2526 858 2567 ex
870 2507 948 2588 a'gris
967 2503 1057 2588 quaint
1079 2507 1245 2586 plunmnm

48 2600 51 2606 '
93 2588 190 2678 potest
203 2590 308 2656 domiti
329 2592 462 2671 pecoris:
487 2611 581 2672 eoque
603 2591 729 2670 imponit
752 2591 815 2652 vasa
834 2590 975 2673 cujusque
996 2591 1087 2665 modi,
1100 2591 1154 2651 *sed
1177 2593 1243 2673 ple.

14 2692 23 2750 j
93 2685 184 2761 taque
208 2675 315 2760 lignea,
343 2674 469 2737 collecta
487 2696 524 2736 ex
544 2676 670 2758 tuguriis
695 2673 908 2736 Numidarum.
953 2675 1002 2734 Ad
1027 2675 1085 2734 hoc
1108 2674 1243 2742 finitimis

84 2759 231 2842 imperat,
254 2762 309 2844 qui
326 2760 352 2822 se
362 2760 432 2863 post
446 2762 523 2842 regis
539 2761 640 2844 fugam
656 2758 786 2821 Metello
800 2759 950 2833 dederant,
972 2758 1241 2840 quamplurimum

18 2888 21 2897 ψ
95 2844 318 2928 quisqueuquae
334 2859 477 2926 portaret:
500 2845 590 2927 diem,
613 2845 785 2927 locumque,
807 2845 856 2906 ubi
879 2843 983 2924 praestd
1005 2845 1110 2921 forent,
1133 2849 1262 2928 praedi-¹

96 2935 150 2993 cit.
177 2929 240 3013 lpse
254 2951 291 2994 ex
305 2930 441 3006 flumine,
454 2947 550 3012 'quam
564 2931 730 3013 prqximam
748 2951 857 3013 aquam
873 2929 981 3010 oppido
994 2929 1050 2993 elle
1065 2933 1147 3014 supra
1161 2935 1242 2998 dixi·
1260 2974 1263 2981 ,

95 3036 176 3091 mus,
191 3019 328 3108 jumenta
342 3032 455 3093 onerat.
501 3014 550 3079 Eo
564 3018 653 3078 modo
668 3015 824 3079 instrudius
837 3016 874 3079 ad
890 3015 1242 3098 Thalam.proficiscitur.

95 3083 178 3197 Dein
193 3103 242 3191 ubi
256 3103 292 3166 ad
306 3101 336 3202 id
349 3101 409 3167 loci
423 3100 557 3182 tentum,
571 3101 632 3188 quo
647 3100 788 3168 Numidis
803 3118 981 3187 praeceperat
989 3127 999 3177 3
1013 3117 1044 3167 et
1057 3103 1149 3170 castra
1163 3107 1244 3192 posi..

507 3399 826 3447 INTERPRETATIO·

188 3535 198 3596 l
217 3512 316 3614 Itaque
328 3527 492 3617 quicumque
510 3528 634 3616 animum
646 3543 835 3609 conuerterat,
857 3552 901 3596 res
914 3532 1043 3620 adverse
1057 3551 1150 3604 erant.

601 3754 732 3832 norm
834 3805 836 3811 ,

125 3909 137 3935 ⁸
151 3901 212 3968 Ea]
230 3901 306 3970 Qdd,
325 3903 446 3963 nimirum,
456 3902 542 3953 senatus
553 3903 649 3969 Metello
720 3903 733 3944 δ
750 3888 886 3972 Natarum]
919 3907 955 3956 De
969 3907 1066 3956 ariditate
1076 3905 1123 3971 loei
1135 3903 1243 3968 praecipue

94 3963 224 4015 Numidiam
234 3973 363 4023 decreverat.
624 3971 649 3986 ‘¹
687 3967 824 4029 intelligitur.
1032 3996 1034 4000 v
1244 4024 1247 4030 ,

39 4064 44 4074 ·
99 4035 116 4062 ··‘·
128 4027 271 4098 blatam]
290 4029 348 4080 Satis
358 4034 442 4079 constat
458 4031 544 4081 Ardeae
554 4033 647 4094 proptiae
719 4043 732 4072 θ
749 4035 836 4105 Πινὶε.]
853 4037 912 4089 Uter
926 4036 989 4102 pellis
1006 4036 1037 4084 ess
1048 4031 1244 4099 qudconu'nentne

12 4138 25 4147 .
95 4093 170 4145 urbem
179 4095 256 4153 fuisset
274 4099 334 4145 Situs
344 4096 432 4159 praecise
441 4112 485 4145 non
497 4098 646 4157 cognoscitur.
666 4114 669 4121 ·
686 4099 786 4169 liqueret.

13 4224 18 4233 ,
124 4166 138 4195 ²
154 4159 252 4225 Calue]
270 4164 296 4211 ld
307 4163 348 4218 est,
358 4162 466 4230 Quicquid
473 4161 504 4215 ad
510 4163 647 4216 educationem
671 4195 676 4207 .-

12 4266 15 4271 -
56 4256 80 4297 ·,,
93 4226 365 4301 usurptiriuqrperriner.
426 4258 428 4264 -
479 4230 480 4235 ’
