2754 4914
399 237 462 308 DE
485 232 579 305 REP.
602 225 900 305 ORDINANDA.
1063 223 1065 226 Α
1154 252 1219 323 219

78 377 110 441 in
125 375 243 457 cipitate
265 373 406 438 *seceffio
431 375 499 448 fuit,
512 371 569 439 sem
609 390 682 453 rquae
702 368 863 433 nobilitatis
878 387 947 452 opes
970 366 1123 449 diminuta!
1138 369 1220 448 sunt,

73 446 107 532 ei
116 463 167 547 jus
182 449 281 543 populi
296 457 517 546 amplificatum.
562 391 619 521 did
631 455 728 538 plebes
743 454 780 518 eb
795 454 885 519 liberi
900 455 1041 537 agitabat,
1063 457 1134 538 quia
1150 457 1220 518 nul·

76 547 135 627 lius
156 548 287 629 potentia
301 547 383 628 super
406 545 486 628 leges
500 559 560 605 erat
570 568 580 616 ;
610 562 705 624 neque
720 542 840 617 divitiis,
865 556 917 603 aut
930 539 1060 621 superbiai
1080 542 1124 603 sed
1140 540 1220 607 boni

74 633 171 709 sarnai,
203 631 343 712 fadlisque
364 630 499 706 fortibus,
530 627 635 695 nobilis
657 627 819 710 ignobilem
850 626 999 688 anteibat:
1036 626 1219 691 humillimus

78 718 200 800 quisque
215 719 245 782 in
261 715 273 754 l
288 718 388 794 armis,
415 731 467 778 aut
481 715 598 789 militia,
620 714 732 775 nullius
751 710 879 775 honestae
893 712 933 774 rei
949 731 1050 795 egens,
1072 712 1138 776 satis
1153 711 1219 791 fibi,

78 800 203 884 satisque
218 803 331 885 patriae,
345 816 415 864 erat.
460 799 528 875 Sed,
553 800 603 861 ubi
617 819 670 860 eos
684 798 823 880 paulatim
837 797 971 879 expulsos
986 798 1079 882 agris,
1105 799 1220 874 inertia,

79 901 170 968 atque
195 889 291 970 inopia
316 888 440 950 incertas
464 888 569 948 domos
594 885 701 946 habere
715 884 848 967 subegit;
880 882 998 963 coepire
1019 882 1130 946 alienas
1151 903 1223 966 opes

79 985 186 1057 petere,
210 974 371 1036 libertatem
386 977 467 1055 suam
491 990 562 1032 cum
577 969 727 1052 republica
741 968 873 1032 venalem
888 969 1003 1032 babere.
1048 966 1096 1032 Ira
1119 971 1221 1050 paula.

77 1058 133 1143 tim
148 1060 287 1141 populus,
302 1061 354 1141 qui
370 1058 508 1120 dominus
523 1069 585 1117 erat
597 1073 626 1117 et
639 1057 753 1119 cundlis
767 1057 903 1156 gentibus
918 1056 1113 1135 imperitabat,
1127 1054 1222 1137 dilap-

77 1144 124 1221 [υς
140 1143 198 1211 est:
230 1164 259 1206 et
275 1165 327 1224 pro
353 1144 507 1216 communi
525 1142 659 1222 irnperio,
684 1141 821 1222 privatim
838 1140 888 1203 fibi
913 1141 1041 1223 quisque
1056 1143 1222 1205 servitutem

78 1230 199 1309 peperit.
245 1231 322 1293 Haec
338 1229 429 1313 igitur
449 1226 606 1290 multitudo
621 1225 748 1307 primirm
773 1224 856 1288 malis
872 1227 1002 1289 moribus
1023 1226 1146 1304 imbuta,
1169 1225 1223 1288 de-

78 1314 148 1392 inde
171 1316 202 1376 in
218 1331 305 1388 artes,
327 1315 455 1395 vitasque
470 1314 564 1377 varias
588 1311 762 1394 ‘dispalata,
791 1310 874 1374 nullo
893 1311 983 1374 modo
1007 1314 1084 1375 inter
1105 1312 1225 1375 secon-

78 1419 198 1484 gruens,
213 1422 316 1483 parum
332 1400 404 1462 mihi
428 1399 546 1482 quidem
561 1397 664 1461 idonea
680 1397 792 1459 videtur
813 1396 849 1457 ad
863 1395 1066 1477 capellandam
1087 1401 1222 1481 rempub.
1247 1468 1249 1472 Α

76 1484 247 1563 Caererirm,
267 1486 371 1548 additis
387 1486 470 1548 novis
485 1486 611 1561 civibus,
625 1504 736 1566 magna
758 1504 807 1545 me
822 1481 882 1562 spes
896 1497 988 1559 tenet,
1010 1483 1084 1560 fore,
1105 1484 1139 1546 u't
1153 1506 1222 1546 om·

77 1589 133 1648 nes
147 1573 385 1656 expergiscantur
394 1573 429 1632 ad
440 1571 603 1633 libertatem
620 1591 628 1632 :
653 1570 761 1653 quippe
775 1566 845 1630 crim
862 1567 920 1630 illis
934 1568 1075 1630 libertatis
1089 1569 1222 1632 retinen-

78 1654 138 1733 dae,
163 1657 227 1720 tiam
240 1659 286 1737 bis
311 1658 455 1728 servitutis
479 1656 660 1731 amittendae,
685 1676 758 1716 cura
778 1655 898 1727 otietur.
943 1654 1008 1717 Hos
1026 1675 1085 1737 ego
1106 1658 1223 1732 censeo,

78 1741 241 1823 permixtos
256 1764 325 1806 cum
338 1743 483 1807 veteribus
499 1761 603 1817 novos,
615 1743 645 1803 in
662 1740 787 1803 coloniis
802 1739 981 1816 constituas3
1005 1744 1045 1802 ita
1058 1755 1089 1802 et
1102 1761 1147 1803 res
1163 1742 1222 1803 mi-

78 1827 171 1909 litaris
185 1827 351 1909 opulentior
364 1830 431 1906 erit,
450 1843 484 1901 et⁸
495 1826 591 1907 plebes
606 1827 691 1888 bonis
714 1827 840 1911 negotiis
861 1826 1001 1907 impedita
1022 1824 1134 1888 malum
1147 1826 1224 1908 pub-

49 1948 52 1955 ·
79 1901 175 1979 licum
198 1914 293 1976 lacere
314 1901 433 1977 delinet.
480 1910 537 1974 Sed
551 1933 612 1973 non
627 1912 735 1975 inscius
749 1933 786 1972 ne
812 1932 848 1973 ue
864 1910 1033 1991 imprudens
1049 1913 1125 1988 lum,
1149 1911 1223 1975 crim
1258 1964 1264 1974 .

79 2018 115 2067 ea
130 2018 175 2059 res
189 2013 315 2081 agenita
345 2020 411 2082 quae
425 1997 545 2071 saevitia,
567 2018 673 2079 quaeve
698 1934 879 2076 tempiilrates
902 1996 1059 2060 hominum
1078 1998 1224 2061 nobilium
1297 2034 1301 2039 ·

80 2078 189 2144 futurae
204 2084 260 2156 sint
269 2111 279 2158 ;
302 2080 374 2145 crim
390 2083 619 2167 indignabuntur
633 2083 733 2146 omnia
747 2078 882 2143 funditris
896 2080 1021 2158 misceri,
1036 2083 1164 2164 antiquis
1178 2084 1224 2146 ci·

81 2167 168 2233 ‚vibus
193 2168 298 2232 ‘'bahc
324 2168 490 2232 servitutem
515 2156 627 2249 imponi
651 2187 775 2250 regnum
796 2167 923 2249 denique
945 2188 984 2229 ex
997 2168 1086 2231 libera
1106 2171 1225 2232 civitate
1265 2228 1267 2231 .

79 2253 227 2331 futurum,
243 2256 293 2318 ubi
320 2256 408 2317 unius
424 2275 544 2316 munere
567 2252 726 2316 multitudo
740 2252 844 2335 ingens
859 2255 889 2317 in
912 2254 1062 2317 civitatem
1084 2275 1247 2336 peruene··
1326 2319 1330 2325 ,

81 2340 131 2412 rit.
155 2337 321 2422 ·Equid,em
342 2361 400 2425 ego
425 2340 463 2402 src
487 2338 562 2422 apud
582 2340 717 2403 animum
734 2359 835 2400 meum
850 2338 956 2418 statuo,
981 2339 1093 2403 malurn
1109 2342 1225 2404 facinus

81 2423 113 2504 in
142 2424 169 2486 se
198 2429 396 2504 committere,
431 2425 484 2510 qui
514 2423 707 2488 incommodo
735 2425 807 2506 reip.
837 2427 962 2509 gratiam
991 2424 1042 2488 fibi
1059 2427 1224 2490 ‚conciliea

81 2520 95 2584 ,i
117 2508 179 2575 Ubi
196 2511 306 2574 bonum
323 2511 475 2595 publicum
490 2512 577 2574 etiam
594 2510 731 2594 privatim
746 2510 809 2571 usui
824 2511 877 2583 est,
897 2511 924 2572 id
939 2512 1011 2572 verb
1024 2512 1156 2574 dubitare
1171 2534 1225 2594 ag-

82 2596 177 2683 gredi,
200 2596 351 2678 socordiae,
377 2614 465 2682 atque
487 2597 612 2681 ignaviae
637 2597 726 2657 duco.
774 2592 824 2655 Me
850 2595 938 2656 Livio
962 2595 1088 2658 fDruso
1113 2598 1226 2676 semper

82 2679 239 2744 'conlilium
254 2678 319 2759 fuit,
347 2684 377 2744 in
402 2684 555 2746 tribunatu
578 2682 692 2743 summa
711 2702 768 2760 ope
783 2677 836 2743 niti
854 2702 905 2760 pro
927 2681 1100 2756 nobilitate;
1131 2703 1227 2762 neque
1252 2696 1258 2708 ·

84 2765 175 2827 ullam
199 2788 260 2828 rem
276 2765 305 2829 iri
328 2769 471 2849 principio
485 2788 572 2849 agere
585 2767 722 2840 intendit,
748 2763 800 2828 nisi
822 2766 863 2828 illi
879 2767 1013 2828 audiores
1028 2766 1150 2829 fierent:
1180 2769 1226 2829 secl

83 2850 221 2912 homines
237 2860 249 2899 ⁸
264 2851 388 2929 fadliofi,
413 2855 521 2935 quibus
543 2852 640 2930 dolus,
663 2867 750 2931 atque
774 2852 897 2926 malitia,
922 2851 977 2916 lide
996 2855 1109 2916 cariora
1131 2870 1226 2929 erant,

83 2932 134 3026 ubi
165 2937 381 3014 intellexerunt,
417 2960 468 3020 per
497 2932 588 3000 unum
617 2939 771 3013 bominem
809 2937 820 2972 ¹¹
846 2940 1010 3003 maximum
1046 2938 1226 3002 beneficium

13 3062 17 3071 ·
84 3021 185 3111 multis
213 3026 385 3115 mortalibus
407 3024 490 3090 dari:
526 3024 652 3093 videlicit
673 3042 703 3088 et
738 3019 825 3086 ¹s1bi.
838 3025 957 3108 quisque
979 3025 1125 3105 conscius,
1147 3027 1227 3089 malo

440 3220 443 3225 ,
499 3170 812 3245 lNTERPRETATIO.

14 3298 19 3306 ’
131 3306 141 3354 -¹
167 3302 208 3365 Et
212 3305 318 3392 scilicet
333 3306 444 3393 quisque
457 3304 573 3393 coafiius
579 3303 636 3389 fibi
650 3306 677 3368 se
694 3304 745 3390 effe
760 3305 851 3367 animo
869 3300 940 3367 mulo
954 3314 1036 3386 atque
1048 3304 1141 3391 infido,
1164 3304 1227 3366 exi-

76 3386 275 3495 stimaverunt
286 3393 319 3487 de
333 3392 429 3486 ¹Druso
439 3392 528 3477 juxta
542 3412 575 3453 ac
588 3389 668 3476 dese.

593 3522 722 3603 norm.

122 3645 136 3676 ⁸
152 3636 253 3704 Saffo]
269 3637 304 3686 De
315 3637 342 3685 iia
349 3635 395 3699 jam
408 3636 485 3701 saepibs
494 3637 597 3687 vidimus·
710 3647 723 3676 θ
741 3635 785 3687 Udi
793 3635 890 3702 bonum]
916 3639 1016 3688 Dirredii
1029 3642 1122 3699 dixisset,
1141 3643 1185 3689 Udi
1195 3644 1232 3691 bo.

44 3736 67 3762 ·,
121 3700 253 3769 Urmia]
271 3703 396 3762 ingeniosi,
408 3707 433 3749 ad
445 3704 553 3751 vitandam
569 3708 641 3759 raoto-
680 3705 728 3751 nraein
736 3705 843 3767 privatim
861 3706 923 3752 eriam
935 3705 1122 3770 publiciusuist3
1152 3726 1229 3757 verum

88 3765 178 3827 logiam,
192 3769 290 3816 Sallustio
309 3768 438 3828 indignam:
458 3771 535 3816 Douza
554 3784 592 3831 pro
602 3770 639 3815 όν.
680 3767 792 3816 honestiirs
802 3770 914 3830 expreffit,
936 3771 988 3817 crim
1001 3768 1070 3833 p'rirnb
1080 3773 1161 3832 publici
1181 3776 1231 3822 boni

90 3833 137 3891 ania,
153 3833 218 3878 unius
228 3834 307 3881 litterae
322 3835 366 3881 levi
378 3834 517 3895 mutationes,
532 3835 595 3882 arvis
607 3850 641 3893 re·
680 3831 879 3882 sationembaboit.

90 3896 167 3957 poluit.
712 3895 832 3963 warja]
868 3898 983 3946 l'olitieum
1001 3900 1073 3945 virum
1086 3901 1113 3948 de
1122 3898 1162 3947 isto
1176 3903 1232 3951 Vei·
1273 3934 1278 3941 -

123 3960 287 4026 §Dispolataff
321 3964 345 4011 ld
357 3964 396 4018 est,
409 3961 503 4029 adficiſse,
520 3962 572 4011 ciam
583 3961 641 4020 aliud
681 3963 748 4010 leium
758 3963 844 4009 adivisse
857 3979 991 4023 nequaquam
1005 3964 1093 4024 pigebit.

89 4018 416 4088 niligenasvittisquerentur.
614 4025 625 4034 ”
713 4026 849 4090 1Ῐαὲῐὶοβ.]
883 4029 917 4073 De
930 4028 1037 4073 nobilibus
1048 4027 1152 4087 loquitur,
1164 4029 1232 4079 imm.

89 4091 94 4101 ¹
123 4089 363 4154 “Hancserviranmi
397 4093 421 4138 ld
433 4093 474 4148 eil,
490 4092 535 4140 hec
544 4093 609 4138 omniu
620 4092 641 4142 ia
681 4107 730 4153 quae
741 4091 831 4147 senatu,
846 4092 882 4151 qui
896 4091 993 4138 Drusum
1006 4092 1088 4137 senatui
1105 4093 1144 4154 ipsi
1156 4096 1232 4145 laven.

89 4152 197 4205 civitatem
209 4156 287 4215 induci,
304 4168 328 4205 tu
337 4156 442 4207 nuaram
454 4157 535 4208 ciuibus
546 4154 641 4220 serviem
681 4164 726 4215 tem
739 4170 778 4215 prr
789 4156 893 4202 invidiam
903 4154 1061 4214 oppictl'orunt.

90 4212 239 4292 impartit?
315 4232 317 4237 ·
624 4208 628 4247 ἶ
712 4216 890 4283 fistularum]
907 4219 1028 4267 Civitatem
1037 4217 1143 4268 scilicet'
