2754 4914
432 116 436 129 .
504 158 512 218 '·
597 174 779 271 [Μ]

158 480 161 485 ‘
241 484 303 569 nt
334 439 690 575 sarnus-nou
719 481 1129 585 DECLAMAT10·:

329 684 334 697 '
378 685 474 788 Qae
494 683 671 767 Ciceroni
690 676 782 760 false
809 679 999 762 tribuitur.

162 877 222 942 EA
246 881 365 946 demum
390 907 499 967 magna
522 885 658 966 voluptas
681 883 748 959 esi,
769 883 881 965 Crispe
896 881 1025 959 Sallusti,
1047 882 1203 964 aequalem,
1226 895 1256 945 et

118 985 217 1044 parem
255 972 349 1031 verbis
390 972 480 1032 vitam
521 991 627 1052 agete3
666 991 763 1050 neque
794 971 957 1054 quidquam
987 986 1048 1030 tam
1079 970 1255 1030 obscoenum

116 1051 226 1127 dicere,
259 1056 308 1115 cui
335 1077 395 1120 non
425 1058 460 1116 ab
491 1055 575 1133 initip
605 1053 736 1137 pueritiae
765 1057 847 1116 omni
880 1075 986 1137 genere
1015 1055 1152 1116 facinoris
1184 1069 1256 1114 aetas

116 1153 170 1198 tua
215 1139 391 1218 respondeat,
439 1156 472 1203 ut
510 1142 608 1202 omnis
649 1139 744 1202 oratio
782 1141 911 1202 motibus
951 1140 1099 1202 consonet.
1147 1138 1255 1218 Neque

112 1224 210 1296 ¹enim,
243 1227 293 1305 qui
324 1227 364 1286 ita
393 1226 478 1301 vivit,
514 1223 558 1289 uti
589 1240 633 1301 tu,
656 1225 737 1287 aliter
765 1246 799 1286 ac
830 1242 880 1300 tu,
894 1226 978 1306 loqui
1008 1225 1254 1306 potest;·neque‚

109 1309 168 1386 ‘qui
200 1316 260 1370 t'am
288 1310 371 1371 illoto
400 1312 534 1374 sermone
582 1316 685 1386 utitur,
723 1311 782 1376 vital
813 1309 958 1371 honestior
997 1309 1047 1372 est.
1092 1310 1165 1391 Qti)
1206 1331 1254 1370 me
1338 1356 1347 1367 .

117 1405 242 1467 vertam,
276 1392 311 1456 P.
352 1395 413 1458 C.?
460 1397 548 1459 Unde
586 1398 700 1459 initiam
740 1395 874 1458 sumam?
920 1393 1022 1479 Majus
1062 1399 1141 1456 enim
1181 1394 1255 1456 mihi

117 1476 235 1540 dicendi
259 1501 334 1542 onus
360 1482 534 1563 imponitur,
557 1483 618 1564 quo
644 1482 741 1545 notior
761 1480 802 1542 est
824 1498 947 1563 uterque
973 1480 1115 1541 nostrtim.
1162 1479 1255 1562 Quid

117 1561 140 1624 st
165 1579 217 1626 aut
244 1565 279 1625 de
307 1570 374 1631 med
401 1569 475 1643 vital,
497 1589 587 1650 atque
614 1567 728 1630 astibus
754 1564 960 1642 nostris-huic
989 1566 1180 1631 conviciatori
1208 1587 1257 1628 re-

117 1649 270 1727 spondero,
293 1652 400 1715 invidia
415 1655 538 1736 gloriam
565 1655 778 1734 consequetur:
803 1667 865 1727 aut,
887 1650 1010 1732 fihujus
1034 1651 1122 1724 fasta,
1146 1672 1255 1727 mores,

116 1755 237 1796 omnem
267 1752 383 1800 aetatem
413 1742 571 1816 nudavero,
606 1742 635 1802 in
662 1741 737 1799 idern
763 1739 869 1800 vitium
898 1736 1025 1799 incidam
1055 1738 1253 1816 procacitatis,
1307 1753 1311 1760 “

117 1819 198 1902 quod
224 1821 294 1883 huic
330 1825 448 1908 objicio.
493 1825 525 1887 Id
555 1846 619 1901 voa,
655 1824 675 1887 st
704 1822 781 1886 sorte
809 1821 1009 1896 offendimini,
1040 1820 1144 1904 justius
1172 1822 1253 1898 huic,
1281 1856 1285 1863 ,

117 1905 219 1985 quim,
248 1909 334 1982 mihi,
365 1912 529 1973 succensere
553 1911 674 1986 debetis,
697 1911 748 1992 qui
778 1918 790 1944 ²
820 1910 935 1968 initium
965 1909 1139 1968 introduxit.
1185 1906 1255 1989 Ego

116 1990 193 2051 dabo
218 2013 349 2073 operam,
374 2013 405 2056 ut
429 2012 460 2058 et
482 2019 535 2079 pro
553 2018 600 2058 me
623 1994 746 2068 minimo
770 2014 839 2056 cum
863 1992 977 2055 fastidio
1000 1993 1201 2074 respondeam,
1223 2010 1254 2056 et

117 2069 149 2136 in
174 2076 253 2137 hunc
277 2079 400 2142 minime
427 2084 568 2143 mentitus
592 2080 645 2144 esse
671 2080 778 2141 videar.
823 2079 892 2141 Scio
918 2100 977 2153 me,
1012 2077 1045 2139 P.
1072 2075 1167 2139 C.'in
1195 2079 1254 2140 res-

116 2162 276 2238 pondendo
296 2186 356 2226 non
375 2169 490 2229 -lrabere
515 2189 653 2251 magnam
678 2165 934 2246 exspectationem,
958 2165 1039 2244 quod
1064 2164 1178 2225 nullum
1202 2185 1254 2226 vos

115 2247 210 2308 sciatis
230 2270 343 2312 novum
368 2254 480 2314 crimen
495 2255 525 2314 in
543 2252 709 2314 Sallustium
735 2252 897 2325 audituros,
920 2251 963 2329 sed
979 2250 1078 2312 omnia
1094 2264 1190 2314 vetera
1206 2271 1255 2310 re-

116 2334 308 2414 cognituros:
333 2339 398 2417 quts
422 2355 452 2400 et
474 2361 559 2413 meae,
579 2353 608 2400 et
638 2337 820 2422 ves’trae'jarir
846 2352 877 2396 et
901 2334 999 2415 ipsius
1033 2358 1115 2398 aures
1145 2335 1254 2397 calent.

116 2414 231 2480 Verum
246 2420 282 2481 eo
298 2424 392 2505 magis
418 2423 504 2486 odisse
526 2425 635 2487 debetis
661 2424 824 2494 hominem,
848 2422 898 2501 qui
915 2443 951 2481 ne
966 2422 1109 2499 incipiens
1133 2422 1256 2500 quidem

115 2523 238 2584 peccare
263 2508 394 2570 minimis
410 2513 494 2572 rebus
511 2495 605 2590 posuis
618 2508 836 2582 rudimentum
861 2505 904 2566 sed
921 2508 959 2568 ita
976 2505 1114 2586 ingressus
1134 2505 1186 2579 est,
1210 2504 1254 2567 uti

115 2609 213 2668 neque
229 2596 265 2653 ab
281 2594 338 2655 alio
353 2596 430 2655 vinci
448 2598 541 2677 possit,
554 2617 648 2674 neque
665 2593 722 2673 ipse
738 2592 763 2652 se
779 2593 902 2651 omnino
917 2589 1128 2670 reliqui'aetate
1145 2588 1253 2670 b'prae-

116 2675 210 2736 terite.
245 2676 350 2759 Itaque
368 2681 438 2740 nihil
455 2681 532 2740 aliud
549 2679 653 2755 studet,
669 2677 731 2752 nist,
746 2673 790 2736 uti
805 2676 967 2736 lutulentus
983 2675 1040 2750 sus,
1058 2697 1126 2736 cum
1144 2677 1265 2754 quovis,
1309 2721 1310 2724 η

112 2761 235 2824 velitari.
257 2761 262 2769 ’
282 2761 388 2846 Longe
403 2765 472 2826 vero
486 2765 595 2826 fallitur
617 2765 763 2844 opinione.
795 2761 883 2830 Non
898 2763 977 2822 enim
993 2762 1171 2842 procacitate
1190 2761 1251 2827 lin-

114 2867 183 2927 guae
195 2850 262 2911 vitae
274 2849 369 2912 sordes
383 2850 532 2925 eluuntur,
546 2853 589 2911 sed
602 2848 642 2910 est
655 2850 789 2930 quaedam
803 2859 814 2884 ⁰
827 2846 986 2919 calunnia,
996 2868 1084 2928 quam
1098 2847 1250 2926 unusquis-

113 2953 171 3013 que
187 2933 329 3015 nostriani,
345 2935 465 2998 testante
479 2937 579 2997 animo
595 2936 728 3012 suo,·sert
742 2936 777 2995 de
792 2956 838 3008 eu,
853 2935 902 3014 qni
920 2933 1022 3000 salsum
1039 2933 1151 3010 crimen
1167 2934 1252 2994 bonis

113 3019 251 3103 objedlat.
297 3007 808 3098 Qrodsrvitaislius‘lmemorialn
830 3020 943 3092 vicerit,
966 3017 1051 3079 aliam
1080 3017 1113 3078 P.
1134 3019 1251 3083 sinon
1336 3079 1341 3089 ,

39 3113 62 3134 ““·
112 3126 150 3166 ex
166 3107 298 3169 oratione
312 3111 386 3191 ejus,
401 3109 445 3169 sed
461 3131 497 3170 ex
514 3109 652 3181 moribuS,
668 3106 794 3187 speslare
810 3106 930 3166 debetis.
955 3103 1022 3184 J'arn
1038 3103 1114 3163 dabo
1130 3124 1251 3183 operam

113 3189 202 3270 quam
226 3192 354 3254 maxime
380 3210 492 3271 potero,
517 3196 559 3255 uti
584 3196 670 3254 breve
685 3194 711 3253 id
727 3192 841 3261 faciam.
886 3189 995 3269 Neque
1012 3190 1075 3263 haec
1098 3191 1249 3250 altercatio

114 3273 211 3339 nostra
236 3281 319 3336 vobis
340 3279 452 3359 inutilis
466 3281 532 3352 etit,
557 3278 590 3338 P.
605 3278 643 3340 C.
660 3277 836 3356 Plerumque
851 3277 929 3336 enim
946 3275 1013 3353 resp.
1031 3275 1147 3352 priuatis
1172 3276 1249 3336 cres·
1338 3310 1342 3317 -

113 3361 154 3420 cit
169 3361 343 3433 inimicitiis
361 3364 408 3421 ubi
424 3386 513 3423 ncmo
529 3364 612 3433 civis,
635 3362 728 3441 qualis
741 3361 775 3421 stt
790 3363 844 3430 uir,
868 3357 960 3436 potest
973 3359 1068 3419 latere.
1091 3428 1094 3436 ¹
1113 3358 1249 3427 Primum

112 3447 212 3532 igitur,
224 3449 365 3526 quoniam
382 3450 515 3510 oninium
532 3449 657 3532 majores
673 3446 792 3531 Crispus
808 3443 958 3506 Sallustius
969 3454 980 3479 ⁶
993 3444 1132 3537 adpunum
1145 3465 1256 3530 excmg

614 3590 743 3664 notra.
828 3616 830 3619 ψ
859 3562 861 3566 ’

143 3705 248 3754 ‘Initium
264 3703 399 3768 intrudens]
418 3703 521 3769 Qeritut
536 3713 626 3765 uterque
636 3714 659 3751 et
729 3701 893 3766 remorta]
912 3704 1082 3763 Malesaciendo,
1099 3705 1189 3759 scilicet.

110 3771 221 3819 Sallustius
232 3783 254 3815 et
265 3772 350 3826 Cicero,
367 3775 432 3830 quud,
451 3771 488 3816 fibi
499 3772 525 3814 ab
536 3772 602 3814 altero
620 3769 657 3815 in·
730 3775 741 3802 ί
754 3767 883 3832 calumnia]
903 3772 1015 3831 Rrprrrbc.

105 3833 165 3896 jurii
186 3833 265 3890 oblati,
293 3835 348 3894 prior
369 3836 475 3881 lacessitus
498 3834 576 3879 srt‘erit:
601 3836 657 3895 quod
729 3832 742 3868 d
764 3832 910 3896 Moerim]
939 3835 964 3879 Id
987 3837 1027 3888 est,
1044 3833 1069 3880 Si
1089 3832 1146 3880 obliti
1159 3835 1248 3895 *fueritis

109 3902 207 3958 quidem,
226 3909 302 3959 prater
311 3900 359 3952 alia,
378 3916 413 3944 me
425 3897 519 3949 maxime
541 3910 614 3942 moret
633 3912 658 3942 ut
695 3896 839 3960 qualissuerit
850 3899 897 3945 vita
909 3900 973 3962 ssiat,
984 3912 1003 3944 et
1012 3898 1105 3962 purnttdo
1118 3898 1180 3960 anteri
1192 3902 1247 3945 vix·

108 3969 204 4018 credam,
220 3965 383 4011 declamationes
396 3967 445 4009 isias
456 3961 468 4008 a
480 3964 607 4023 quibusdem
618 3963 656 4008 de.
696 3963 744 4006 erit.
982 3960 984 3965 '

105 4030 255 4075 clamatoribus
268 4029 355 4087 scriptas
374 4027 469 4082 tantum,
488 4044 531 4072 non
548 4027 653 4084 recitatae,
727 4026 798 4072 ‘As
813 4045 875 4073 unum
896 4026 1009 4090 exemplum
1026 4038 1046 4072 at
1065 4023 1171 4091 regnumq]
1199 4025 1250 4081 Diu
1333 4037 1339 4046 “

108 4093 180 4149 fuisse.
213 4095 252 4138 Sed
272 4091 297 4155 ei
316 4094 342 4137 de
361 4109 392 4158 rr,
409 4094 486 4158 quibus
507 4102 593 4145 tantum
614 4091 655 4141 etit
695 4088 879 4144 cenehfchaesn
898 4103 929 4147 ut,
946 4093 996 4150 quid
1017 4086 1053 4135 sibi
1070 4094 1141 4148 vellet,
1159 4092 1248 4154 auctor,

106 4159 156 4225 otii,
173 4157 378 4221 duslijudicabunt.
696 4153 825 4202 divinarem.
857 4157 960 4203 Tandem
971 4153 1084 4205 arbitratus
1098 4157 1156 4215 sum,
1173 4160 1198 4210 ad
1209 4158 1250 4211 isla

755 4219 841 4321 Ρ3Ι
