2754 4914
139 260 181 326 oo
243 234 248 242 '
426 290 429 294 -
529 208 534 216 ⁴
592 248 831 320 santusrn

142 405 205 464 tur,
218 387 249 450 in
257 388 321 455 otio
332 386 447 448 facinus
457 385 540 448 suum
552 405 622 449 cum
635 389 736 449 animo
749 400 898 469 reputans,
907 386 1010 449 timere
1022 380 1215 471 populumR.
1235 402 1293 450 neo

144 497 205 558 que
220 471 355 537 adversus
368 473 440 534 iram
455 476 517 558 ejus
529 474 667 554 usquam,
679 472 731 535 nist
749 473 778 535 in
794 472 926 546 avaritiit,
940 471 1181 563 *nobilitatiqpt'
1195 494 1298 552 pecu-

146 562 198 623 nia
214 560 276 635 sut,
300 560 378 640 spem
394 560 511 620 habere.
546 556 650 639 ltaque
665 559 765 640 paucis
780 559 896 634 diebus,
918 577 1088 633 cumauro,
1109 566 1300 638 argentoque

147 644 245 708 multo
260 645 373 726 legatos
388 642 518 706 Romam
534 645 638 719 mittit,
653 643 723 727 quis
737 644 872 725 praecipit
885 641 928 705 uti
939 639 1070 724 primitm
1085 656 1195 706 veteres
1210 643 1294 703 ami-

79 778 81 783 *
147 751 201 795 cos
217 731 388 793 muneribus
403 729 551 810 expleant,
573 731 639 790 dein
663 749 756 791 novos
779 729 978 811 ¹acquirant:
1002 725 1160 806 postremo,
1183 748 1297 809 quern-

147 837 280 898 cumque
295 819 399 897 possint
413 815 571 897 largiundo
583 835 693 893 parare,
705 836 742 876 ne
756 813 945 877 eundlentur.
970 811 1025 874 Sed
1037 814 1087 873 ubi
1100 813 1237 874 Romam
1248 812 1297 874 le-

147 905 209 987 gati
225 903 341 976 venire,
356 917 386 963 et
403 921 440 961 ex
463 916 613 980 praeeepto
628 902 718 985 regis,
741 899 939 980 bhospitibus,
960 897 1090 980 aliisque,
1111 917 1244 974 quorum
1256 901 1297 961 ee

145 987 316 1068 tempestate
331 989 360 1048 in
376 986 474 1046 senatu
489 986 651 1047 audieritas
666 985 803 1066 pollebat,
813 1005 922 1067 magna
936 1005 1059 1046 munera
1074 984 1193 1044 misire:
1210 999 1295 1047 tanta

147 1074 374 1135 c‘commutatio
386 1071 507 1146 incessu,
517 1085 550 1132 ut
559 1092 595 1133 ex
606 1072 736 1133 maxima
750 1071 858 1133 invidit
869 1073 899 1134 in
908 1071 1033 1154 gratiam
1044 1085 1073 1129 et
1085 1069 1215 1132 favorem
1232 1091 1292 1130 no-

90 1226 93 1231 ‚
145 1158 266 1222 bilitatis
281 1155 430 1240 Jugurtba
445 1160 564 1219 veniret.
608 1157 620 1194 ‘¹
636 1157 778 1241 Qrorum
800 1175 866 1238 pars
880 1155 941 1237 spe,
956 1155 1005 1217 alii
1021 1155 1147 1234 praemio
1162 1154 1292 1231 intueti,

144 1243 274 1328 singulos
290 1265 327 1304 ex
342 1245 439 1305 senatu
454 1251 467 1278 ⁶
481 1242 655 1317 ambiundo,
672 1243 849 1316 nitebantur,
863 1263 901 1304 ne
922 1241 1064 1324 ‘gravius
1080 1240 1110 1302 in
1125 1261 1196 1303 euru
1212 1262 1291 1302 con-

146 1331 299 1392 suleretur.
344 1326 453 1412 Igitur,
476 1328 526 1390 ubi
542 1328 630 1412 legati
650 1325 717 1390 satis
737 1327 903 1402 considunt,¹
924 1328 971 1388 die
993 1323 1155 1388 constituto
1176 1325 1297 1389 senatus

146 1415 275 1495 utrisque
289 1422 303 1461 ⁸
318 1411 416 1476 daturi
458 1413 547 1476 Tum
563 1413 751 1476 Atherbalem
769 1414 826 1474 hoc
842 1413 932 1475 modo
947 1412 1084 1475 locutum
1099 1410 1291 1490 accepimus:

193 1494 298 1562 Patres
312 1498 465 1587 conscripti,
477 1499 599 1586 Micipsa
613 1513 694 1583 poter
708 1522 780 1561 meus
795 1497 908 1561 moriens
922 1497 991 1561 mihi
1001 1496 1145 1581 proecepit,
1157 1493 1201 1558 uti
1215 1496 1296 1579 regni

146 1583 295 1650 Numidiae
310 1588 491 1647 tantummodo
504 1583 517 1621 h
532 1585 746 1658 procurationem
755 1584 937 1667 existimarem
951 1605 1038 1645 meant
1046 1606 1056 1653 3
1070 1580 1198 1645 coeterdm
1213 1593 1224 1621 ¹
1230 1582 1296 1664 jus,

51 1724 54 1729 .
145 1686 173 1734 et
187 1669 421 1756 imperioiniperio
437 1695 487 1734 vos
500 1671 568 1753 effe:
580 1670 668 1756 stou!
689 1668 807 1732 eniterer
822 1669 903 1743 domi,
926 1667 1085 1749 militiaque
1100 1665 1184 1751 qudm
1197 1667 1294 1730 moxi-
1342 1698 1345 1713 =

98 1828 100 1832 ἱ
146 1779 190 1821 mo
208 1758 270 1845 osori
288 1755 337 1845 effi
352 1757 449 1841 populo
469 1753 616 1820 Romano:
637 1777 687 1818 vot
704 1753 772 1819 mihi
793 1755 1004 1836 'cognotorum
1024 1772 1074 1816 vos
1087 1753 1118 1816 t'n
1130 1753 1213 1818 hcm
1226 1751 1296 1838 qffi·

559 2036 873 2084 turreruerarm.

189 2181 213 2242 ¹.
229 2174 328 2265 Posteri
343 2181 421 2244 novis
435 2181 589 2265 requirant.
864 2168 885 2215 ⁸

187 2274 203 2305 ²
215 2265 359 2350 Praecepit
373 2283 405 2331 ut
421 2292 470 2332 voe
479 2282 532 2352 pro
547 2268 747 2356 oorfioogoinois
761 2280 788 2328 et
802 2263 928 2352 affinibus
942 2264 1077 2333 haberem.

645 2544 776 2600 NOTAE.
847 2576 851 2584 ·

137 2672 139 2677 ’
174 2676 345 2742 'Nodidtotir.]
360 2677 477 2736 Romanor,
494 2679 584 2730 seilicet.
663 2707 668 2719 ·
767 2676 894 2743 wolon]
911 2677 989 2733 ldell,
1005 2675 1296 2743 ‹deirorfiitoitorodqm

84 2786 91 2794 ,
176 2741 351 2809 bHofpitibos.]
386 2747 429 2794 Eos
448 2749 544 2806 intellige
565 2747 697 2808 quibuscum
736 2743 866 2810 instratum
881 2744 1037 2791 admitterentur
1054 2743 1295 2811 AtherbasetJogor-
1343 2740 1346 2747 ¹

105 2835 108 2839 -
143 2806 202 2852 bello
225 2809 364 2854 Numantino
385 2811 495 2871 Jugortha
515 2811 598 2857 aretam
619 2813 698 2859 amiei-
736 2812 782 2860 thoe
793 2811 866 2872 lepori.

143 2870 210 2924 tiam,
226 2879 250 2915 et
267 2870 354 2929 hospitii
374 2871 555 2918 necessitudinem
575 2873 699 2935 conjunxe·
770 2872 783 2911 h
803 2872 993 2939 Procrrrationrm]
1019 2870 1241 2938 Admiossrotiooeoto
1256 2875 1297 2922 Lo

144 2943 193 2992 nt,
209 2932 241 2978 ita
253 2944 278 2978 ut
287 2933 332 2990 ipse
343 2937 398 2994 apud
410 2935 466 2990 illos,
484 2936 499 2981 ti
516 2938 539 2981 in
556 2935 618 2982 ltotit
637 2938 699 2996 esset,
738 2937 896 3001 Lieutenooco]
1277 2941 1281 2953 '

145 2997 177 3044 illi
195 2998 250 3057 apud
264 2996 347 3056 ipsum,
365 2999 380 3045 ti
398 2998 421 3044 in
438 3000 567 3045 Numidiam
584 3002 699 3061 veniteut3
771 3000 781 3038 ἴ
800 3001 870 3066 Jon]
889 3003 1067 3050 Fundamentum
1087 3011 1149 3050 notat
1167 3001 1210 3050 hoe
1228 3018 1296 3050 roce-

145 3060 311 3109 diversarentur.
340 3062 436 3122 Hospitii
449 3061 500 3110 verb
511 3063 644 3128 sanetiffima
652 3065 702 3128 jura
739 3066 829 3119 bulum,
847 3074 885 3111 aut
895 3067 1019 3115 dominandi
1032 3067 1148 3114 rationem.

146 3127 246 3174 suerunt.
771 3129 786 3165 k
806 3128 942 3196 Imperium-J
958 3135 1043 3180 Totum
1065 3131 1121 3178 istud
1142 3129 1250 3179 rhetortet
1272 3142 1297 3181 et

179 3189 362 3254 cummutatio]
379 3192 494 3241 Nimirum
512 3193 630 3258 Jugurtbae
648 3193 718 3247 faci·t
739 3194 815 3241 tranet
835 3195 938 3241 comitate
955 3197 1053 3244 dicitur:
1069 3210 1122 3242 narn
1137 3193 1222 3257 'alioqui
1245 3197 1302 3259 Mi·¹

146 3270 189 3303 nus
200 3254 287 3303 conclis
298 3259 455 3305 atrocisstmum
466 3259 536 3305 visum
547 3261 586 3318 est,
597 3260 631 3305 sed
642 3261 700 3321 post·
739 3261 795 3318 eipsa
809 3259 880 3305 suerat
891 3275 915 3306 ac
926 3261 1038 3306 Masinissa
1056 3262 1084 3306 Ρ.
1099 3261 1195 3308 Romani
1212 3262 1310 3308 sotius-¹

144 3336 214 3383 qoam
225 3321 318 3382 pecunias
329 3325 416 3384 quidam
428 3325 523 3385 corrupti
535 3323 594 3379 sunt,
604 3333 700 3370 mentem
740 3326 829 3371 Additae
845 3324 932 3370 fuerant
947 3325 1047 3387 equidem
1059 3325 1213 3372 Rornanorum
1227 3327 1296 3374 beue·

146 3397 171 3432 et
191 3387 292 3433 animum
315 3398 466 3444 mutaverunt,
493 3401 557 3450 atque
584 3389 702 3454 Jugurthze
740 3389 791 3437 siclo
804 3390 881 3436 multae
898 3391 959 3436 urbes
977 3388 1086 3450 utriusque
1103 3391 1202 3450 imperio,
1220 3390 1298 3438 sedu-

146 3448 233 3500 etimen
245 3451 381 3498 minuerunt.
740 3465 815 3517 terque
832 3466 956 3502 meruerat:
974 3452 1019 3500 irnii
1039 3454 1142 3500 fatebitur
1160 3453 1232 3514 posted
1251 3456 1318 3515 ipset·

180 3514 193 3551 d
215 3514 332 3581 Quorum]
358 3514 481 3571 Nobilium,
500 3518 588 3576 scilieet,
605 3517 642 3579 qui
661 3519 701 3566 sub
740 3520 857 3575 Atherbal,
873 3535 917 3566 non
937 3521 1055 3565 admodum
1077 3521 1231 3566 Romanorum
1249 3520 1308 3567 for-¹

148 3595 203 3628 voce
214 3579 324 3626 nobilitortr
343 3583 574 3641 comprehenduntur3
591 3586 647 3644 quod
660 3600 700 3630 no·
740 3596 817 3632 tunam
835 3586 977 3644 expetendam
998 3583 1073 3639 fuisse,
1091 3599 1133 3643 quo
1140 3592 1243 3644 tempore
1254 3583 1298 3631 fte-

45 3652 50 3671 ³
147 3649 256 3694 tandum:
275 3660 326 3690 nam
346 3640 460 3692 relativum
482 3663 564 3706 quorum
584 3663 628 3695 non
649 3660 702 3695 curn
740 3652 780 3696 due
802 3650 884 3696 initum
905 3665 956 3694 eum
977 3648 1036 3710 ipris.
1070 3652 1104 3694 At
1121 3663 1149 3694 ne
1170 3664 1220 3708 ego,
1237 3650 1297 3710 quod

34 3712 42 3733 ¹
148 3711 240 3761 nomine
250 3711 357 3770 expresso,
372 3709 635 3768 stereorationem,
648 3727 702 3759 eon-
741 3710 820 3773 absque
834 3712 982 3759 blandimento
992 3728 1070 3758 verum
1082 3713 1122 3768 est,
1138 3723 1233 3771 taceam,
1249 3716 1298 3774 ple·

140 3777 223 3824 'sentin
741 3792 836 3835 rumque
850 3774 909 3822 certe
925 3778 1006 3831 evenit,
1024 3787 1049 3823 ut
1063 3776 1168 3837 paulatim
1179 3776 1218 3830 sub
1228 3778 1314 3825 sude-⁶

181 3847 191 3870 ⁶
209 3835 349 3902 Ambinon]
383 3836 450 3885 Pruut
466 3837 502 3894 tit,
518 3838 574 3885 inter
591 3842 642 3889 ailoe
657 3841 702 3888 ser·
741 3841 771 3886 ris
782 3841 855 3896 titulo,
870 3840 908 3887 isle
919 3840 941 3886 in
955 3841 1028 3887 minus
1039 3852 1160 3901 potentem,
1172 3843 1298 3890 dominium

149 3922 235 3960 mones,
251 3904 280 3953 illi
297 3904 413 3970 Jugurthae
429 3904 513 3951 crimen
529 3904 601 3950 verbis
615 3906 702 3964 mitiga·
741 3903 840 3965 usurpet,
857 3905 893 3964 qui
909 3906 984 3964 opibus
1003 3906 1123 3966 praecellit,
1139 3907 1245 3955 libertatis
1260 3904 1301 3963 inq·¹

147 3970 209 4027 bont,
230 3971 393 4030 senatorumque
417 3956 515 4014 livorem
536 3968 573 4030 ipfi
595 3971 699 4017 eoncilia·
741 3984 783 4014 ane
795 3983 876 4015 nomen
888 3978 913 4014 ut
923 3982 1019 4034 maqeat,
1035 3970 1230 4033 t'oeduepengitur,
1240 3973 1301 4036 quod

148 4034 209 4080 bant.
740 4033 859 4097 precariam
870 4034 993 4083 servitutem
1004 4034 1099 4083 inducit.
1228 4030 1232 4037 '

180 4096 191 4136 f
203 4098 323 4165 Gravia]
340 4099 378 4145 Ne
387 4095 461 4144 bellom
471 4094 572 4163 adverset
591 4095 654 4162 ipsunt
665 4096 702 4146 do·
843 4108 844 4113 ’

147 4175 258 4222 arment,
273 4180 311 4214 oet
322 4164 393 4231 hostem
398 4160 528 4227 judicarent»

1344 3172 1359 3208 k
