<?xml version="1.0" encoding="UTF-8"?>
<!DOCTYPE html PUBLIC "-//W3C//DTD XHTML 1.0 Transitional//EN"
    "http://www.w3.org/TR/xhtml1/DTD/xhtml1-transitional.dtd">
<html xmlns="http://www.w3.org/1999/xhtml" xml:lang="en" lang="en">
 <head>
  <title>
</title>
<meta http-equiv="Content-Type" content="text/html;charset=utf-8" />
  <meta name='ocr-system' content='tesseract 3.04.00' />
  <meta name='ocr-capabilities' content='ocr_page ocr_carea ocr_par ocr_line ocrx_word'/>
</head>
<body>
  <div class='ocr_page' id='page_1' title='image "./csallustiicrisp00sallgoog_0011.png"; bbox 0 0 2754 4914; ppageno 0'>
   <div class='ocr_carea' id='block_1_1' title="bbox 865 136 874 171">
    <p class='ocr_par' dir='ltr' id='par_1_1' title="bbox 865 136 874 171">
     <span class='ocr_line' id='line_1_1' title="bbox 865 136 874 171; baseline 0 0"><span class='ocrx_word' id='word_1_1' title='bbox 865 136 874 171; x_wconf 86' lang='lat' dir='ltr'>l</span> 
     </span>
    </p>
   </div>
   <div class='ocr_carea' id='block_1_2' title="bbox 453 265 846 345">
    <p class='ocr_par' dir='ltr' id='par_1_2' title="bbox 453 265 846 345">
     <span class='ocr_line' id='line_1_2' title="bbox 453 265 846 345; baseline 0.005 -3"><span class='ocrx_word' id='word_1_2' title='bbox 453 269 525 343; x_wconf 83' lang='lat' dir='ltr'>AD</span> <span class='ocrx_word' id='word_1_3' title='bbox 550 265 846 345; x_wconf 85' lang='lat' dir='ltr'><strong>LECTOREM.</strong></span> 
     </span>
    </p>
   </div>
   <div class='ocr_carea' id='block_1_3' title="bbox 65 408 1281 4243">
    <p class='ocr_par' dir='ltr' id='par_1_3' title="bbox 65 408 1281 2275">
     <span class='ocr_line' id='line_1_3' title="bbox 65 408 1254 516; baseline 0.008 -33"><span class='ocrx_word' id='word_1_4' title='bbox 65 408 67 413; x_wconf 68' lang='grc'><strong>’</strong></span> <span class='ocrx_word' id='word_1_5' title='bbox 102 410 307 506; x_wconf 84' lang='lat' dir='ltr'>scripserunt.</span> <span class='ocrx_word' id='word_1_6' title='bbox 357 409 489 485; x_wconf 83' lang='lat' dir='ltr'>Eorum</span> <span class='ocrx_word' id='word_1_7' title='bbox 512 412 602 483; x_wconf 85' lang='lat' dir='ltr'>enim</span> <span class='ocrx_word' id='word_1_8' title='bbox 620 413 883 483; x_wconf 76' lang='lat' dir='ltr'>commentarios</span> <span class='ocrx_word' id='word_1_9' title='bbox 902 413 958 485; x_wconf 89' lang='lat' dir='ltr'>uhi</span> <span class='ocrx_word' id='word_1_10' title='bbox 977 412 1141 510; x_wconf 85' lang='lat' dir='ltr'>inspicias,</span> <span class='ocrx_word' id='word_1_11' title='bbox 1167 443 1254 516; x_wconf 81' lang='lat' dir='ltr'>quae</span> 
     </span>
     <span class='ocr_line' id='line_1_4' title="bbox 104 509 1254 607; baseline 0.013 -27"><span class='ocrx_word' id='word_1_12' title='bbox 104 510 146 580; x_wconf 88' lang='lat' dir='ltr'>ad</span> <span class='ocrx_word' id='word_1_13' title='bbox 176 509 300 580; x_wconf 84' lang='lat' dir='ltr'>nudant</span> <span class='ocrx_word' id='word_1_14' title='bbox 324 532 450 580; x_wconf 86' lang='lat' dir='ltr'>vocum</span> <span class='ocrx_word' id='word_1_15' title='bbox 476 532 511 583; x_wconf 88' lang='lat' dir='ltr'>et</span> <span class='ocrx_word' id='word_1_16' title='bbox 535 512 656 604; x_wconf 85' lang='lat' dir='ltr'>phrafis</span> <span class='ocrx_word' id='word_1_17' title='bbox 683 512 854 607; x_wconf 84' lang='lat' dir='ltr'>pertinent</span> <span class='ocrx_word' id='word_1_18' title='bbox 870 511 1162 606; x_wconf 71' lang='lat' dir='ltr'>significationem,</span> <span class='ocrx_word' id='word_1_19' title='bbox 1189 543 1254 595; x_wconf 91' lang='lat' dir='ltr'>aut</span> 
     </span>
     <span class='ocr_line' id='line_1_5' title="bbox 102 606 1249 704; baseline 0.013 -26"><span class='ocrx_word' id='word_1_20' title='bbox 102 606 311 704; x_wconf 82' lang='lat' dir='ltr'>peculiarem</span> <span class='ocrx_word' id='word_1_21' title='bbox 328 606 486 685; x_wconf 82' lang='lat' dir='ltr'>sermonis&#39;</span> <span class='ocrx_word' id='word_1_22' title='bbox 502 609 773 693; x_wconf 79' lang='lat' dir='ltr'>declarationem,</span> <span class='ocrx_word' id='word_1_23' title='bbox 797 632 931 681; x_wconf 82' lang='lat' dir='ltr'>cacum</span> <span class='ocrx_word' id='word_1_24' title='bbox 957 612 1107 683; x_wconf 91' lang='lat' dir='ltr'>ulteriori</span> <span class='ocrx_word' id='word_1_25' title='bbox 1131 642 1249 694; x_wconf 86' lang='lat' dir='ltr'>rerum</span> 
     </span>
     <span class='ocr_line' id='line_1_6' title="bbox 105 705 1244 803; baseline 0.009 -27"><span class='ocrx_word' id='word_1_26' title='bbox 105 705 313 776; x_wconf 81' lang='lat' dir='ltr'>enarratione</span> <span class='ocrx_word' id='word_1_27' title='bbox 346 707 530 778; x_wconf 77' lang='lat' dir='ltr'>commixta</span> <span class='ocrx_word' id='word_1_28' title='bbox 560 706 729 778; x_wconf 88' lang='lat' dir='ltr'>invenies:</span> <span class='ocrx_word' id='word_1_29' title='bbox 760 710 815 799; x_wconf 86' lang='lat' dir='ltr'>Ex</span> <span class='ocrx_word' id='word_1_30' title='bbox 844 732 913 803; x_wconf 88' lang='lat' dir='ltr'>quo</span> <span class='ocrx_word' id='word_1_31' title='bbox 943 711 1069 793; x_wconf 70' lang='lat' dir='ltr'>oritur,</span> <span class='ocrx_word' id='word_1_32' title='bbox 1087 732 1135 796; x_wconf 89' lang='lat' dir='ltr'>ut,</span> <span class='ocrx_word' id='word_1_33' title='bbox 1164 718 1244 789; x_wconf 78' lang='lat' dir='ltr'>curn</span> 
     </span>
     <span class='ocr_line' id='line_1_7' title="bbox 104 801 1243 904; baseline 0.009 -30"><span class='ocrx_word' id='word_1_34' title='bbox 104 806 252 898; x_wconf 82' lang='lat' dir='ltr'>aliquam</span> <span class='ocrx_word' id='word_1_35' title='bbox 277 829 319 876; x_wconf 85' lang='lat' dir='ltr'>ex</span> <span class='ocrx_word' id='word_1_36' title='bbox 342 806 392 876; x_wconf 89' lang='lat' dir='ltr'>his</span> <span class='ocrx_word' id='word_1_37' title='bbox 417 804 503 875; x_wconf 89' lang='lat' dir='ltr'>notis</span> <span class='ocrx_word' id='word_1_38' title='bbox 529 801 798 895; x_wconf 61' lang='lat' dir='ltr'>inspiceremus,</span> <span class='ocrx_word' id='word_1_39' title='bbox 825 830 891 876; x_wconf 89' lang='lat' dir='ltr'>non</span> <span class='ocrx_word' id='word_1_40' title='bbox 910 808 1059 904; x_wconf 72' lang='lat' dir='ltr'>caprilis</span> <span class='ocrx_word' id='word_1_41' title='bbox 1077 834 1243 899; x_wconf 87' lang='lat' dir='ltr'>occurrat,</span> 
     </span>
     <span class='ocr_line' id='line_1_8' title="bbox 105 901 1249 1007; baseline 0.007 -33"><span class='ocrx_word' id='word_1_42' title='bbox 105 906 211 998; x_wconf 72' lang='lat' dir='ltr'>quam</span> <span class='ocrx_word' id='word_1_43' title='bbox 229 904 260 974; x_wconf 94' lang='lat' dir='ltr'>in</span> <span class='ocrx_word' id='word_1_44' title='bbox 278 903 360 983; x_wconf 86' lang='lat' dir='ltr'>aliis,</span> <span class='ocrx_word' id='word_1_45' title='bbox 379 901 615 1003; x_wconf 77' lang='lat' dir='ltr'>contraanirni</span> <span class='ocrx_word' id='word_1_46' title='bbox 633 904 680 995; x_wconf 85' lang='lat' dir='ltr'>tui</span> <span class='ocrx_word' id='word_1_47' title='bbox 690 905 899 999; x_wconf 81' lang='lat' dir='ltr'>desiderium,</span> <span class='ocrx_word' id='word_1_48' title='bbox 919 927 1052 1005; x_wconf 88' lang='lat' dir='ltr'>tempus</span> <span class='ocrx_word' id='word_1_49' title='bbox 1063 910 1249 1007; x_wconf 84' lang='lat' dir='ltr'>consump-</span> 
     </span>
     <span class='ocr_line' id='line_1_9' title="bbox 105 992 1247 1101; baseline 0.009 -32"><span class='ocrx_word' id='word_1_50' title='bbox 105 1000 193 1075; x_wconf 86' lang='lat' dir='ltr'>seris.</span> <span class='ocrx_word' id='word_1_51' title='bbox 221 1088 230 1096; x_wconf 85' lang='lat'>..</span> <span class='ocrx_word' id='word_1_52' title='bbox 243 1003 299 1081; x_wconf 85' lang='lat' dir='ltr'>Ne</span> <span class='ocrx_word' id='word_1_53' title='bbox 317 997 574 1096; x_wconf 61' lang='lat' dir='ltr'>quidsejusttiocli</span> <span class='ocrx_word' id='word_1_54' title='bbox 592 992 751 1084; x_wconf 76' lang='lat' dir='ltr'>eveniret,</span> <span class='ocrx_word' id='word_1_55' title='bbox 776 1002 912 1099; x_wconf 73' lang='lat' dir='ltr'>egregie</span> <span class='ocrx_word' id='word_1_56' title='bbox 929 1005 1077 1099; x_wconf 88' lang='lat' dir='ltr'>providit</span> <span class='ocrx_word' id='word_1_57' title='bbox 1094 1006 1145 1078; x_wconf 93' lang='lat' dir='ltr'>vir</span> <span class='ocrx_word' id='word_1_58' title='bbox 1160 1034 1247 1101; x_wconf 92' lang='lat' dir='ltr'>pru-</span> 
     </span>
     <span class='ocr_line' id='line_1_10' title="bbox 103 1100 1246 1196; baseline 0.005 -24"><span class='ocrx_word' id='word_1_59' title='bbox 103 1101 319 1172; x_wconf 83' lang='lat' dir='ltr'>dentiffimus.</span> <span class='ocrx_word' id='word_1_60' title='bbox 370 1100 530 1194; x_wconf 80' lang='lat' dir='ltr'>Namque</span> <span class='ocrx_word' id='word_1_61' title='bbox 560 1100 879 1195; x_wconf 73' lang='lat' dir='ltr'>interpretationem,</span> <span class='ocrx_word' id='word_1_62' title='bbox 906 1127 982 1196; x_wconf 84' lang='lat' dir='ltr'>quae</span> <span class='ocrx_word' id='word_1_63' title='bbox 1006 1105 1047 1173; x_wconf 91' lang='lat' dir='ltr'>ad</span> <span class='ocrx_word' id='word_1_64' title='bbox 1065 1128 1189 1177; x_wconf 90' lang='lat' dir='ltr'>vocum</span> <span class='ocrx_word' id='word_1_65' title='bbox 1206 1127 1246 1178; x_wconf 88' lang='lat' dir='ltr'>et</span> 
     </span>
     <span class='ocr_line' id='line_1_11' title="bbox 105 1194 1246 1299; baseline 0.003 -27"><span class='ocrx_word' id='word_1_66' title='bbox 105 1197 265 1272; x_wconf 78' lang='lat' dir='ltr'>sermonis</span> <span class='ocrx_word' id='word_1_67' title='bbox 280 1194 359 1267; x_wconf 85' lang='lat' dir='ltr'>facit</span> <span class='ocrx_word' id='word_1_68' title='bbox 375 1197 655 1291; x_wconf 79' lang='lat' dir='ltr'>explanationem,</span> <span class='ocrx_word' id='word_1_69' title='bbox 674 1199 819 1284; x_wconf 77' lang='lat' dir='ltr'>seorsum</span> <span class='ocrx_word' id='word_1_70' title='bbox 838 1226 857 1268; x_wconf 92' lang='lat' dir='ltr'>a</span> <span class='ocrx_word' id='word_1_71' title='bbox 875 1201 973 1283; x_wconf 81' lang='lat' dir='ltr'>notit,</span> <span class='ocrx_word' id='word_1_72' title='bbox 996 1227 1074 1296; x_wconf 86' lang='lat' dir='ltr'>quae</span> <span class='ocrx_word' id='word_1_73' title='bbox 1091 1227 1140 1273; x_wconf 89' lang='lat' dir='ltr'>res</span> <span class='ocrx_word' id='word_1_74' title='bbox 1159 1204 1246 1299; x_wconf 86' lang='lat' dir='ltr'>ipsas</span> 
     </span>
     <span class='ocr_line' id='line_1_12' title="bbox 106 1295 1246 1394; baseline 0.003 -25"><span class='ocrx_word' id='word_1_75' title='bbox 106 1298 278 1379; x_wconf 76' lang='lat' dir='ltr'>evolvunt,</span> <span class='ocrx_word' id='word_1_76' title='bbox 303 1296 559 1392; x_wconf 81' lang='lat' dir='ltr'>proponendam</span> <span class='ocrx_word' id='word_1_77' title='bbox 590 1298 760 1367; x_wconf 84' lang='lat' dir='ltr'>decrevit:</span> <span class='ocrx_word' id='word_1_78' title='bbox 789 1297 863 1369; x_wconf 81' lang='lat' dir='ltr'>Nisi</span> <span class='ocrx_word' id='word_1_79' title='bbox 891 1295 988 1381; x_wconf 61' lang='lat' dir='ltr'>fortir,</span> <span class='ocrx_word' id='word_1_80' title='bbox 1016 1301 1148 1394; x_wconf 76' lang='lat' dir='ltr'>quando</span> <span class='ocrx_word' id='word_1_81' title='bbox 1181 1303 1246 1394; x_wconf 90' lang='lat' dir='ltr'>qui</span> 
     </span>
     <span class='ocr_line' id='line_1_13' title="bbox 107 1391 1243 1501; baseline 0.004 -36"><span class='ocrx_word' id='word_1_82' title='bbox 107 1395 150 1464; x_wconf 89' lang='lat' dir='ltr'>ad</span> <span class='ocrx_word' id='word_1_83' title='bbox 168 1416 261 1465; x_wconf 73' lang='lat' dir='ltr'>notat¹</span> <span class='ocrx_word' id='word_1_84' title='bbox 279 1391 420 1501; x_wconf 72' lang='lat' dir='ltr'>majores</span> <span class='ocrx_word' id='word_1_85' title='bbox 432 1395 600 1467; x_wconf 69' lang='lat' dir='ltr'>nonnullae</span> <span class='ocrx_word' id='word_1_86' title='bbox 615 1395 702 1464; x_wconf 77' lang='lat' dir='ltr'>eirca</span> <span class='ocrx_word' id='word_1_87' title='bbox 717 1395 898 1467; x_wconf 69' lang='lat' dir='ltr'>didionem</span> <span class='ocrx_word' id='word_1_88' title='bbox 910 1396 1118 1468; x_wconf 81' lang='lat' dir='ltr'>difficultates</span> <span class='ocrx_word' id='word_1_89' title='bbox 1135 1399 1243 1470; x_wconf 84' lang='lat' dir='ltr'>essent</span> 
     </span>
     <span class='ocr_line' id='line_1_14' title="bbox 106 1491 1244 1590; baseline 0.004 -24"><span class='ocrx_word' id='word_1_90' title='bbox 106 1491 352 1575; x_wconf 76' lang='lat' dir='ltr'>retrahendae&#39;...&#39;</span> <span class='ocrx_word' id='word_1_91' title='bbox 372 1492 572 1588; x_wconf 75' lang='lat' dir='ltr'>Designavit</span> <span class='ocrx_word' id='word_1_92' title='bbox 600 1493 742 1588; x_wconf 87' lang='lat' dir='ltr'>insuper,</span> <span class='ocrx_word' id='word_1_93' title='bbox 768 1497 838 1589; x_wconf 79' lang='lat' dir='ltr'>quo</span> <span class='ocrx_word' id='word_1_94' title='bbox 865 1495 980 1565; x_wconf 86' lang='lat' dir='ltr'>omnia</span> <span class='ocrx_word' id='word_1_95' title='bbox 1004 1494 1114 1590; x_wconf 86' lang='lat' dir='ltr'>pritn&#39;o</span> <span class='ocrx_word' id='word_1_96' title='bbox 1128 1494 1244 1570; x_wconf 86' lang='lat' dir='ltr'>statim</span> 
     </span>
     <span class='ocr_line' id='line_1_15' title="bbox 104 1591 1245 1690; baseline 0.002 -27"><span class='ocrx_word' id='word_1_97' title='bbox 104 1591 228 1667; x_wconf 76' lang='lat' dir='ltr'>intuitu</span> <span class='ocrx_word' id='word_1_98' title='bbox 250 1593 473 1676; x_wconf 75' lang='lat' dir='ltr'>occurrerent,</span> <span class='ocrx_word' id='word_1_99' title='bbox 500 1613 537 1662; x_wconf 92' lang='lat' dir='ltr'>ut</span> <span class='ocrx_word' id='word_1_100' title='bbox 554 1591 641 1662; x_wconf 87' lang='lat' dir='ltr'>notis</span> <span class='ocrx_word' id='word_1_101' title='bbox 658 1591 875 1664; x_wconf 81' lang='lat' dir='ltr'>arithmeticis</span> <span class='ocrx_word' id='word_1_102' title='bbox 891 1593 976 1676; x_wconf 87' lang='lat' dir='ltr'>loca,</span> <span class='ocrx_word' id='word_1_103' title='bbox 1002 1593 1061 1664; x_wconf 91' lang='lat' dir='ltr'>ubi</span> <span class='ocrx_word' id='word_1_104' title='bbox 1077 1593 1245 1690; x_wconf 90' lang='lat' dir='ltr'>interpre-</span> 
     </span>
     <span class='ocr_line' id='line_1_16' title="bbox 88 1690 1246 1787; baseline 0.003 -26"><span class='ocrx_word' id='word_1_105' title='bbox 88 1693 232 1764; x_wconf 75' lang='lat' dir='ltr'>tatione</span> <span class='ocrx_word' id='word_1_106' title='bbox 248 1692 442 1787; x_wconf 51' lang='lat' dir='ltr'>opusneffet,</span> <span class='ocrx_word' id='word_1_107' title='bbox 457 1690 703 1767; x_wconf 78' lang='lat' dir='ltr'>indicarentur:</span> <span class='ocrx_word' id='word_1_108' title='bbox 721 1691 893 1787; x_wconf 84' lang='lat' dir='ltr'>alphabeti</span> <span class='ocrx_word' id='word_1_109' title='bbox 904 1712 1016 1763; x_wconf 85' lang='lat' dir='ltr'>autem</span> <span class='ocrx_word' id='word_1_110' title='bbox 1033 1690 1146 1781; x_wconf 83' lang='lat' dir='ltr'>literis,</span> <span class='ocrx_word' id='word_1_111' title='bbox 1164 1716 1246 1786; x_wconf 87' lang='lat' dir='ltr'>quae</span> 
     </span>
     <span class='ocr_line' id='line_1_17' title="bbox 106 1789 1281 1885; baseline -0.002 -22"><span class='ocrx_word' id='word_1_112' title='bbox 106 1809 203 1863; x_wconf 85' lang='lat' dir='ltr'>notas</span> <span class='ocrx_word' id='word_1_113' title='bbox 226 1789 437 1885; x_wconf 77' lang='lat' dir='ltr'>poscerent..</span> <span class='ocrx_word' id='word_1_114' title='bbox 461 1790 597 1859; x_wconf 84' lang='lat' dir='ltr'>Minuta</span> <span class='ocrx_word' id='word_1_115' title='bbox 626 1791 709 1859; x_wconf 78' lang='lat' dir='ltr'>vero</span> <span class='ocrx_word' id='word_1_116' title='bbox 743 1791 817 1859; x_wconf 83' lang='lat' dir='ltr'>haec</span> <span class='ocrx_word' id='word_1_117' title='bbox 842 1789 925 1871; x_wconf 89' lang='lat' dir='ltr'>sunt,</span> <span class='ocrx_word' id='word_1_118' title='bbox 951 1814 1027 1884; x_wconf 72' lang='lat' dir='ltr'>quae</span> <span class='ocrx_word' id='word_1_119' title='bbox 1052 1789 1166 1883; x_wconf 73' lang='lat' dir='ltr'>primo</span> <span class='ocrx_word' id='word_1_120' title='bbox 1181 1792 1248 1862; x_wconf 89' lang='lat' dir='ltr'>de·</span> <span class='ocrx_word' id='word_1_121' title='bbox 1278 1806 1281 1811; x_wconf 84' lang='grc'><strong>’</strong></span> 
     </span>
     <span class='ocr_line' id='line_1_18' title="bbox 105 1886 1272 1983; baseline -0.001 -21"><span class='ocrx_word' id='word_1_122' title='bbox 105 1889 256 1962; x_wconf 80' lang='lat' dir='ltr'>lineantis</span> <span class='ocrx_word' id='word_1_123' title='bbox 274 1887 425 1959; x_wconf 87' lang='lat' dir='ltr'>animum</span> <span class='ocrx_word' id='word_1_124' title='bbox 443 1906 702 1983; x_wconf 87' lang='lat' dir='ltr'>occupaverunt.</span> <span class='ocrx_word' id='word_1_125' title='bbox 754 1886 857 1957; x_wconf 84' lang='lat' dir='ltr'>Aliud</span> <span class='ocrx_word' id='word_1_126' title='bbox 875 1887 940 1958; x_wconf 77' lang='lat' dir='ltr'>unzi</span> <span class='ocrx_word' id='word_1_127' title='bbox 956 1907 991 1958; x_wconf 90' lang='lat' dir='ltr'>et</span> <span class='ocrx_word' id='word_1_128' title='bbox 1006 1887 1123 1957; x_wconf 73' lang='lat' dir='ltr'>eidem</span> <span class='ocrx_word' id='word_1_129' title='bbox 1140 1891 1249 1982; x_wconf 64' lang='lat' dir='ltr'>opera</span> <span class='ocrx_word' id='word_1_130' title='bbox 1267 1934 1272 1939; x_wconf 98' lang='lat'>-</span> 
     </span>
     <span class='ocr_line' id='line_1_19' title="bbox 101 1984 1247 2081; baseline 0.001 -23"><span class='ocrx_word' id='word_1_131' title='bbox 101 1988 152 2065; x_wconf 72' lang='lat' dir='ltr'>ab</span> <span class='ocrx_word' id='word_1_132' title='bbox 176 1986 441 2081; x_wconf 73' lang='lat' dir='ltr'>ipsoquaestturn</span> <span class='ocrx_word' id='word_1_133' title='bbox 461 1987 529 2067; x_wconf 78' lang='lat' dir='ltr'>est,</span> <span class='ocrx_word' id='word_1_134' title='bbox 557 1986 701 2068; x_wconf 88' lang='lat' dir='ltr'>ubertas,</span> <span class='ocrx_word' id='word_1_135' title='bbox 727 1985 861 2067; x_wconf 89' lang='lat' dir='ltr'>scilicet,</span> <span class='ocrx_word' id='word_1_136' title='bbox 886 2007 922 2057; x_wconf 89' lang='lat' dir='ltr'>et</span> <span class='ocrx_word' id='word_1_137' title='bbox 945 1984 1115 2057; x_wconf 86' lang='lat' dir='ltr'>sermoniis</span> <span class='ocrx_word' id='word_1_138' title='bbox 1132 1985 1247 2080; x_wconf 88' lang='lat' dir='ltr'>copia.</span> 
     </span>
     <span class='ocr_line' id='line_1_20' title="bbox 106 2083 1250 2179; baseline -0.001 -19"><span class='ocrx_word' id='word_1_139' title='bbox 106 2089 191 2160; x_wconf 79' lang='lat' dir='ltr'>Non</span> <span class='ocrx_word' id='word_1_140' title='bbox 221 2085 465 2157; x_wconf 75' lang='lat' dir='ltr'>enim··tanttlnr</span> <span class='ocrx_word' id='word_1_141' title='bbox 482 2085 515 2156; x_wconf 89' lang='lat' dir='ltr'>in</span> <span class='ocrx_word' id='word_1_142' title='bbox 534 2084 805 2179; x_wconf 84' lang='lat' dir='ltr'>interpretatione</span> <span class='ocrx_word' id='word_1_143' title='bbox 823 2083 880 2154; x_wconf 90' lang='lat' dir='ltr'>suo</span> <span class='ocrx_word' id='word_1_144' title='bbox 903 2107 1039 2178; x_wconf 89' lang='lat' dir='ltr'>quoque</span> <span class='ocrx_word' id='word_1_145' title='bbox 1056 2104 1092 2155; x_wconf 88' lang='lat' dir='ltr'>et</span> <span class='ocrx_word' id='word_1_146' title='bbox 1104 2086 1250 2159; x_wconf 85' lang='lat' dir='ltr'>naturali</span> 
     </span>
     <span class='ocr_line' id='line_1_21' title="bbox 104 2181 1248 2275; baseline -0.003 -17"><span class='ocrx_word' id='word_1_147' title='bbox 104 2186 186 2258; x_wconf 79' lang='lat' dir='ltr'>loco.</span> <span class='ocrx_word' id='word_1_148' title='bbox 203 2183 417 2255; x_wconf 83' lang='lat' dir='ltr'>testimendas</span> <span class='ocrx_word' id='word_1_149' title='bbox 434 2182 541 2254; x_wconf 89' lang='lat' dir='ltr'>voluit</span> <span class='ocrx_word' id='word_1_150' title='bbox 575 2203 684 2275; x_wconf 84' lang='lat' dir='ltr'>partes</span> <span class='ocrx_word' id='word_1_151' title='bbox 709 2181 868 2252; x_wconf 87' lang='lat' dir='ltr'>orationis</span> <span class='ocrx_word' id='word_1_152' title='bbox 896 2184 1056 2275; x_wconf 72' lang='lat' dir='ltr'>bagdas,</span> <span class='ocrx_word' id='word_1_153' title='bbox 1088 2182 1248 2254; x_wconf 87' lang='lat' dir='ltr'>nomina·</span> 
     </span>
    </p>

    <p class='ocr_par' dir='ltr' id='par_1_4' title="bbox 84 2279 1278 4243">
     <span class='ocr_line' id='line_1_22' title="bbox 84 2279 1248 2378; baseline -0.003 -23"><span class='ocrx_word' id='word_1_154' title='bbox 84 2348 92 2367; x_wconf 81' lang='grc'><strong><em>,</em></strong></span> <span class='ocrx_word' id='word_1_155' title='bbox 106 2282 215 2355; x_wconf 84' lang='lat' dir='ltr'>tivum</span> <span class='ocrx_word' id='word_1_156' title='bbox 228 2289 304 2378; x_wconf 75' lang='lat' dir='ltr'>ante</span> <span class='ocrx_word' id='word_1_157' title='bbox 312 2281 468 2363; x_wconf 79' lang='lat' dir='ltr'>verbum,</span> <span class='ocrx_word' id='word_1_158' title='bbox 482 2279 602 2352; x_wconf 75' lang='lat' dir='ltr'>deinde</span> <span class='ocrx_word' id='word_1_159' title='bbox 614 2279 848 2360; x_wconf 74' lang='lat' dir='ltr'>accusativum,</span> <span class='ocrx_word' id='word_1_160' title='bbox 867 2282 933 2351; x_wconf 73' lang='lat' dir='ltr'>dcc.</span> <span class='ocrx_word' id='word_1_161' title='bbox 949 2279 1003 2350; x_wconf 85' lang='lat' dir='ltr'>sed</span> <span class='ocrx_word' id='word_1_162' title='bbox 1014 2280 1248 2374; x_wconf 75' lang='lat' dir='ltr'>synonymum,</span> 
     </span>
     <span class='ocr_line' id='line_1_23' title="bbox 104 2376 1249 2473; baseline -0.001 -22"><span class='ocrx_word' id='word_1_163' title='bbox 104 2377 320 2454; x_wconf 85' lang='lat' dir='ltr'>obscuratum</span> <span class='ocrx_word' id='word_1_164' title='bbox 336 2378 410 2453; x_wconf 89' lang='lat' dir='ltr'>vice</span> <span class='ocrx_word' id='word_1_165' title='bbox 429 2379 609 2473; x_wconf 80' lang='lat' dir='ltr'>praesertirn</span> <span class='ocrx_word' id='word_1_166' title='bbox 636 2376 773 2450; x_wconf 88' lang='lat' dir='ltr'>aliarum</span> <span class='ocrx_word' id='word_1_167' title='bbox 791 2377 892 2450; x_wconf 90' lang='lat' dir='ltr'>etiam</span> <span class='ocrx_word' id='word_1_168' title='bbox 908 2403 1037 2450; x_wconf 84' lang='lat' dir='ltr'>vocum</span> <span class='ocrx_word' id='word_1_169' title='bbox 1048 2377 1249 2450; x_wconf 89' lang='lat' dir='ltr'>substituen-</span> 
     </span>
     <span class='ocr_line' id='line_1_24' title="bbox 104 2477 1249 2573; baseline -0.005 -21"><span class='ocrx_word' id='word_1_170' title='bbox 104 2480 290 2552; x_wconf 79' lang='lat' dir='ltr'>dastatuitz&#39;</span> <span class='ocrx_word' id='word_1_171' title='bbox 315 2480 371 2550; x_wconf 83' lang='lat' dir='ltr'>Ut</span> <span class='ocrx_word' id='word_1_172' title='bbox 389 2479 523 2551; x_wconf 81' lang='lat' dir='ltr'>src&#39;tum</span> <span class='ocrx_word' id='word_1_173' title='bbox 541 2477 646 2550; x_wconf 85' lang='lat' dir='ltr'>sensus</span> <span class='ocrx_word' id='word_1_174' title='bbox 662 2478 853 2549; x_wconf 79' lang='lat' dir='ltr'>clarishmus</span> <span class='ocrx_word' id='word_1_175' title='bbox 869 2500 1039 2573; x_wconf 81' lang='lat' dir='ltr'>appareat,</span> <span class='ocrx_word' id='word_1_176' title='bbox 1066 2496 1138 2547; x_wconf 85' lang='lat' dir='ltr'>turn</span> <span class='ocrx_word' id='word_1_177' title='bbox 1167 2501 1249 2546; x_wconf 89' lang='lat' dir='ltr'>ver-</span> 
     </span>
     <span class='ocr_line' id='line_1_25' title="bbox 104 2571 1250 2673; baseline -0.004 -22"><span class='ocrx_word' id='word_1_178' title='bbox 104 2579 228 2665; x_wconf 85' lang='lat' dir='ltr'>borum</span> <span class='ocrx_word' id='word_1_179' title='bbox 241 2578 292 2650; x_wconf 88' lang='lat' dir='ltr'>vis</span> <span class='ocrx_word' id='word_1_180' title='bbox 308 2581 343 2648; x_wconf 80' lang='lat' dir='ltr'>ei</span> <span class='ocrx_word' id='word_1_181' title='bbox 356 2576 495 2673; x_wconf 80' lang='lat' dir='ltr'>p&#39;ropria&#39;</span> <span class='ocrx_word' id='word_1_182' title='bbox 507 2576 705 2672; x_wconf 81' lang='lat' dir='ltr'>significatio</span> <span class='ocrx_word' id='word_1_183' title='bbox 721 2573 949 2672; x_wconf 78' lang='lat' dir='ltr'>disjudicctur,</span> <span class='ocrx_word' id='word_1_184' title='bbox 976 2571 1250 2667; x_wconf 85' lang='lat' dir='ltr'>abundantiaque</span> 
     </span>
     <span class='ocr_line' id='line_1_26' title="bbox 105 2671 1248 2771; baseline -0.006 -22"><span class='ocrx_word' id='word_1_185' title='bbox 105 2675 300 2750; x_wconf 83' lang='lat' dir='ltr'>inducatur:</span> <span class='ocrx_word' id='word_1_186' title='bbox 324 2676 533 2771; x_wconf 72' lang='lat' dir='ltr'>&#39;Qan&#39;qu&#39;iu&#39;n</span> <span class='ocrx_word' id='word_1_187' title='bbox 550 2701 592 2747; x_wconf 89' lang='lat' dir='ltr'>ex</span> <span class='ocrx_word' id='word_1_188' title='bbox 610 2672 718 2768; x_wconf 81' lang='lat' dir='ltr'>po&#39;e&#39;tis</span> <span class='ocrx_word' id='word_1_189' title='bbox 737 2675 790 2744; x_wconf 83' lang='lat' dir='ltr'>hic</span> <span class='ocrx_word' id='word_1_190' title='bbox 804 2672 928 2745; x_wconf 70' lang='lat' dir='ltr'>fruetus</span> <span class='ocrx_word' id='word_1_191' title='bbox 945 2671 1008 2743; x_wconf 88' lang='lat' dir='ltr'>erit</span> <span class='ocrx_word' id='word_1_192' title='bbox 1031 2671 1142 2741; x_wconf 76' lang='lat' dir='ltr'>multo</span> <span class='ocrx_word' id='word_1_193' title='bbox 1158 2672 1248 2742; x_wconf 90' lang='lat' dir='ltr'>ube-</span> 
     </span>
     <span class='ocr_line' id='line_1_27' title="bbox 104 2767 1249 2865; baseline -0.003 -18"><span class='ocrx_word' id='word_1_194' title='bbox 104 2775 221 2847; x_wconf 74' lang='lat' dir='ltr'>rimuS.</span> <span class='ocrx_word' id='word_1_195' title='bbox 271 2774 431 2845; x_wconf 83' lang='lat' dir='ltr'>Restabat</span> <span class='ocrx_word' id='word_1_196' title='bbox 446 2775 536 2845; x_wconf 90' lang='lat' dir='ltr'>aliud</span> <span class='ocrx_word' id='word_1_197' title='bbox 553 2774 645 2858; x_wconf 85' lang='lat' dir='ltr'>nihil,</span> <span class='ocrx_word' id='word_1_198' title='bbox 673 2772 731 2844; x_wconf 88' lang='lat' dir='ltr'>nist</span> <span class='ocrx_word' id='word_1_199' title='bbox 750 2777 819 2843; x_wconf 74' lang='lat' dir='ltr'>tam</span> <span class='ocrx_word' id='word_1_200' title='bbox 834 2771 916 2854; x_wconf 91' lang='lat' dir='ltr'>utili,</span> <span class='ocrx_word' id='word_1_201' title='bbox 935 2773 1070 2865; x_wconf 69' lang='lat' dir='ltr'>tamque</span> <span class='ocrx_word' id='word_1_202' title='bbox 1087 2767 1249 2845; x_wconf 85' lang='lat' dir='ltr'>laudabili</span> 
     </span>
     <span class='ocr_line' id='line_1_28' title="bbox 106 2867 1247 2967; baseline -0.006 -22"><span class='ocrx_word' id='word_1_203' title='bbox 106 2874 244 2956; x_wconf 80' lang='lat' dir='ltr'>consilio</span> <span class='ocrx_word' id='word_1_204' title='bbox 270 2873 632 2967; x_wconf 82' lang='lat' dir='ltr'>manumadrnorerc.</span> <span class='ocrx_word' id='word_1_205' title='bbox 682 2875 774 2943; x_wconf 84' lang='lat' dir='ltr'>Rem</span> <span class='ocrx_word' id='word_1_206' title='bbox 791 2871 875 2942; x_wconf 77' lang='lat' dir='ltr'>verb</span> <span class='ocrx_word' id='word_1_207' title='bbox 897 2868 1012 2964; x_wconf 90' lang='lat' dir='ltr'>ipsam,</span> <span class='ocrx_word' id='word_1_208' title='bbox 1035 2887 1073 2938; x_wconf 89' lang='lat' dir='ltr'>ut</span> <span class='ocrx_word' id='word_1_209' title='bbox 1099 2867 1247 2952; x_wconf 86' lang='lat' dir='ltr'>videtur,</span> 
     </span>
     <span class='ocr_line' id='line_1_29' title="bbox 107 2968 1249 3066; baseline -0.006 -23"><span class='ocrx_word' id='word_1_210' title='bbox 107 2968 146 3043; x_wconf 82' lang='lat' dir='ltr'>in¹</span> <span class='ocrx_word' id='word_1_211' title='bbox 158 2971 188 3043; x_wconf 86' lang='lat' dir='ltr'>se</span> <span class='ocrx_word' id='word_1_212' title='bbox 208 2968 334 3066; x_wconf 80' lang='lat' dir='ltr'>recepit</span> <span class='ocrx_word' id='word_1_213' title='bbox 349 2990 467 3062; x_wconf 73' lang='lat' dir='ltr'>gratus</span> <span class='ocrx_word' id='word_1_214' title='bbox 479 2971 642 3040; x_wconf 88' lang='lat' dir='ltr'>bonarum</span> <span class='ocrx_word' id='word_1_215' title='bbox 659 2968 828 3041; x_wconf 81' lang='lat' dir='ltr'>literarum</span> <span class='ocrx_word' id='word_1_216' title='bbox 847 2968 986 3059; x_wconf 83' lang='lat' dir='ltr'>genius:</span> <span class='ocrx_word' id='word_1_217' title='bbox 1013 2969 1105 3035; x_wconf 90' lang='lat' dir='ltr'>Nam</span> <span class='ocrx_word' id='word_1_218' title='bbox 1129 2990 1151 3038; x_wconf 86' lang='lat' dir='ltr'>a</span> <span class='ocrx_word' id='word_1_219' title='bbox 1175 2988 1249 3060; x_wconf 90' lang='lat' dir='ltr'>quo</span> 
     </span>
     <span class='ocr_line' id='line_1_30' title="bbox 107 3062 1278 3165; baseline -0.006 -23"><span class='ocrx_word' id='word_1_220' title='bbox 107 3073 255 3165; x_wconf 81' lang='lat' dir='ltr'>incaepto</span> <span class='ocrx_word' id='word_1_221' title='bbox 273 3068 435 3141; x_wconf 79' lang='lat' dir='ltr'>retrahere</span> <span class='ocrx_word' id='word_1_222' title='bbox 453 3066 635 3162; x_wconf 79' lang='lat' dir='ltr'>impensam</span> <span class='ocrx_word' id='word_1_223' title='bbox 653 3069 837 3143; x_wconf 80' lang='lat' dir='ltr'>maximam</span> <span class='ocrx_word' id='word_1_224' title='bbox 855 3064 965 3159; x_wconf 88' lang='lat' dir='ltr'>quivis</span> <span class='ocrx_word' id='word_1_225' title='bbox 991 3062 1188 3145; x_wconf 80' lang='lat' dir='ltr'>credidisset,</span> <span class='ocrx_word' id='word_1_226' title='bbox 1214 3063 1249 3136; x_wconf 88' lang='lat' dir='ltr'>ei</span> <span class='ocrx_word' id='word_1_227' title='bbox 1274 3141 1278 3147; x_wconf 65' lang='grc'>,</span> 
     </span>
     <span class='ocr_line' id='line_1_31' title="bbox 107 3160 1250 3261; baseline -0.005 -20"><span class='ocrx_word' id='word_1_228' title='bbox 107 3170 157 3241; x_wconf 91' lang='lat' dir='ltr'>rei</span> <span class='ocrx_word' id='word_1_229' title='bbox 175 3195 215 3239; x_wconf 93' lang='lat' dir='ltr'>ne</span> <span class='ocrx_word' id='word_1_230' title='bbox 232 3163 411 3241; x_wconf 83' lang='lat' dir='ltr'>minimum</span> <span class='ocrx_word' id='word_1_231' title='bbox 434 3166 573 3261; x_wconf 83' lang='lat' dir='ltr'>quidem</span> <span class='ocrx_word' id='word_1_232' title='bbox 584 3166 711 3261; x_wconf 88' lang='lat' dir='ltr'>&#39;obtulit</span> <span class='ocrx_word' id='word_1_233' title='bbox 727 3161 1019 3259; x_wconf 72' lang='lat' dir='ltr'>impedimentum.</span> <span class='ocrx_word' id='word_1_234' title='bbox 1071 3160 1250 3237; x_wconf 87' lang='lat' dir='ltr'>Nimirum</span> 
     </span>
     <span class='ocr_line' id='line_1_32' title="bbox 107 3258 1249 3360; baseline -0.011 -20"><span class='ocrx_word' id='word_1_235' title='bbox 107 3269 145 3340; x_wconf 90' lang='lat' dir='ltr'>in</span> <span class='ocrx_word' id='word_1_236' title='bbox 161 3291 201 3338; x_wconf 91' lang='lat' dir='ltr'>ea</span> <span class='ocrx_word' id='word_1_237' title='bbox 228 3260 384 3360; x_wconf 83' lang='lat' dir='ltr'>tempora</span> <span class='ocrx_word' id='word_1_238' title='bbox 406 3264 596 3347; x_wconf 85' lang='lat' dir='ltr'>incidimus,</span> <span class='ocrx_word' id='word_1_239' title='bbox 622 3264 743 3359; x_wconf 90' lang='lat' dir='ltr'>quibus</span> <span class='ocrx_word' id='word_1_240' title='bbox 770 3284 888 3355; x_wconf 86' lang='lat' dir='ltr'>regum</span> <span class='ocrx_word' id='word_1_241' title='bbox 912 3258 1249 3344; x_wconf 81' lang='lat' dir='ltr'>munificentissimus,</span> 
     </span>
     <span class='ocr_line' id='line_1_33' title="bbox 107 3357 1249 3465; baseline -0.008 -28"><span class='ocrx_word' id='word_1_242' title='bbox 107 3366 352 3459; x_wconf 84' lang='lat' dir='ltr'>hominumque</span> <span class='ocrx_word' id='word_1_243' title='bbox 371 3362 615 3445; x_wconf 80' lang='lat' dir='ltr'>oculariffimtu,</span> <span class='ocrx_word' id='word_1_244' title='bbox 641 3358 821 3458; x_wconf 88' lang='lat' dir='ltr'>imperium</span> <span class='ocrx_word' id='word_1_245' title='bbox 851 3357 992 3465; x_wconf 75' lang='lat' dir='ltr'>obtinet.</span> <span class='ocrx_word' id='word_1_246' title='bbox 1043 3358 1134 3426; x_wconf 78' lang='lat' dir='ltr'>Citrn</span> <span class='ocrx_word' id='word_1_247' title='bbox 1162 3378 1249 3450; x_wconf 83' lang='lat' dir='ltr'>ergo</span> 
     </span>
     <span class='ocr_line' id='line_1_34' title="bbox 106 3452 1250 3554; baseline -0.005 -20"><span class='ocrx_word' id='word_1_248' title='bbox 106 3465 179 3535; x_wconf 80' lang='lat' dir='ltr'>dux</span> <span class='ocrx_word' id='word_1_249' title='bbox 192 3460 418 3554; x_wconf 70' lang='lat' dir='ltr'>illustrissimus</span> <span class='ocrx_word' id='word_1_250' title='bbox 436 3461 678 3532; x_wconf 77' lang='lat' dir='ltr'>hlontaut&#39;erius</span> <span class='ocrx_word' id='word_1_251' title='bbox 694 3461 736 3532; x_wconf 89' lang='lat' dir='ltr'>ad</span> <span class='ocrx_word' id='word_1_252' title='bbox 747 3458 883 3530; x_wconf 85' lang='lat' dir='ltr'>honoris</span> <span class='ocrx_word' id='word_1_253' title='bbox 898 3455 1067 3528; x_wconf 79' lang='lat' dir='ltr'>sumtuum</span> <span class='ocrx_word' id='word_1_254' title='bbox 1078 3452 1250 3547; x_wconf 83' lang='lat' dir='ltr'>fastigium</span> 
     </span>
     <span class='ocr_line' id='line_1_35' title="bbox 108 3553 1249 3656; baseline -0.011 -21"><span class='ocrx_word' id='word_1_255' title='bbox 108 3564 265 3647; x_wconf 77' lang='lat' dir='ltr'>sublatus,</span> <span class='ocrx_word' id='word_1_256' title='bbox 288 3559 456 3654; x_wconf 67' lang='lat' dir='ltr'>scelusque</span> <span class='ocrx_word' id='word_1_257' title='bbox 487 3561 571 3631; x_wconf 77' lang='lat' dir='ltr'>inter</span> <span class='ocrx_word' id='word_1_258' title='bbox 599 3584 755 3656; x_wconf 84' lang='lat' dir='ltr'>proceres</span> <span class='ocrx_word' id='word_1_259' title='bbox 781 3557 846 3629; x_wconf 87' lang='lat' dir='ltr'>fide</span> <span class='ocrx_word' id='word_1_260' title='bbox 876 3582 914 3627; x_wconf 92' lang='lat' dir='ltr'>ac</span> <span class='ocrx_word' id='word_1_261' title='bbox 930 3555 1089 3648; x_wconf 75' lang='lat' dir='ltr'>sapientiai</span> <span class='ocrx_word' id='word_1_262' title='bbox 1105 3553 1249 3646; x_wconf 82' lang='lat' dir='ltr'>praecel-</span> 
     </span>
     <span class='ocr_line' id='line_1_36' title="bbox 108 3649 1249 3758; baseline -0.007 -26"><span class='ocrx_word' id='word_1_263' title='bbox 108 3663 228 3746; x_wconf 86' lang='lat' dir='ltr'>lentes,</span> <span class='ocrx_word' id='word_1_264' title='bbox 254 3685 338 3758; x_wconf 87' lang='lat' dir='ltr'>quos</span> <span class='ocrx_word' id='word_1_265' title='bbox 372 3683 498 3730; x_wconf 74' lang='lat' dir='ltr'>martio</span> <span class='ocrx_word' id='word_1_266' title='bbox 530 3683 670 3729; x_wconf 85' lang='lat' dir='ltr'>numero</span> <span class='ocrx_word' id='word_1_267' title='bbox 696 3656 797 3728; x_wconf 70' lang='lat' dir='ltr'>hodie</span> <span class='ocrx_word' id='word_1_268' title='bbox 824 3654 1007 3749; x_wconf 81' lang='lat' dir='ltr'>praesertim</span> <span class='ocrx_word' id='word_1_269' title='bbox 1032 3652 1133 3722; x_wconf 89' lang='lat' dir='ltr'>habet</span> <span class='ocrx_word' id='word_1_270' title='bbox 1157 3649 1249 3733; x_wconf 85' lang='lat' dir='ltr'>alma</span> 
     </span>
     <span class='ocr_line' id='line_1_37' title="bbox 107 3685 1249 3854; baseline -0.011 -23"><span class='ocrx_word' id='word_1_271' title='bbox 107 3761 231 3843; x_wconf 83' lang='lat' dir='ltr'>Gallia,</span> <span class='ocrx_word' id='word_1_272' title='bbox 259 3760 359 3854; x_wconf 75' lang='lat' dir='ltr'>regiae</span> <span class='ocrx_word' id='word_1_273' title='bbox 384 3685 547 3852; x_wconf 73' lang='lat' dir='ltr'>Dilphini</span> <span class='ocrx_word' id='word_1_274' title='bbox 570 3753 767 3833; x_wconf 63' lang='lat' dir='ltr'>,institutioni</span> <span class='ocrx_word' id='word_1_275' title='bbox 796 3752 1021 3832; x_wconf 87' lang='lat' dir='ltr'>incumberet,</span> <span class='ocrx_word' id='word_1_276' title='bbox 1042 3774 1082 3820; x_wconf 87' lang='lat' dir='ltr'>ca</span> <span class='ocrx_word' id='word_1_277' title='bbox 1110 3746 1249 3842; x_wconf 82' lang='lat' dir='ltr'>persici-</span> 
     </span>
     <span class='ocr_line' id='line_1_38' title="bbox 109 3845 1250 3953; baseline -0.014 -20"><span class='ocrx_word' id='word_1_278' title='bbox 109 3860 196 3933; x_wconf 90' lang='lat' dir='ltr'>enda</span> <span class='ocrx_word' id='word_1_279' title='bbox 213 3859 352 3941; x_wconf 82' lang='lat' dir='ltr'>curavit,</span> <span class='ocrx_word' id='word_1_280' title='bbox 370 3881 447 3953; x_wconf 79' lang='lat' dir='ltr'>quae</span> <span class='ocrx_word' id='word_1_281' title='bbox 463 3857 537 3928; x_wconf 75' lang='lat' dir='ltr'>ante</span> <span class='ocrx_word' id='word_1_282' title='bbox 555 3853 762 3949; x_wconf 84' lang='lat' dir='ltr'>cogitaverat</span> <span class='ocrx_word' id='word_1_283' title='bbox 775 3874 800 3920; x_wconf 78' lang='lat' dir='ltr'>t-</span> <span class='ocrx_word' id='word_1_284' title='bbox 813 3849 1050 3920; x_wconf 73' lang='lat' dir='ltr'>Studiosrffime</span> <span class='ocrx_word' id='word_1_285' title='bbox 1066 3845 1154 3941; x_wconf 91' lang='lat' dir='ltr'>apud</span> <span class='ocrx_word' id='word_1_286' title='bbox 1172 3869 1250 3918; x_wconf 89' lang='lat' dir='ltr'>om-</span> 
     </span>
     <span class='ocr_line' id='line_1_39' title="bbox 108 3941 1250 4044; baseline -0.016 -11"><span class='ocrx_word' id='word_1_287' title='bbox 108 3984 168 4033; x_wconf 87' lang='lat' dir='ltr'>nes</span> <span class='ocrx_word' id='word_1_288' title='bbox 192 3959 351 4040; x_wconf 70' lang='lat' dir='ltr'>literatoS,</span> <span class='ocrx_word' id='word_1_289' title='bbox 377 3954 463 4026; x_wconf 81' lang='lat' dir='ltr'>inira</span> <span class='ocrx_word' id='word_1_290' title='bbox 487 3976 522 4022; x_wconf 90' lang='lat' dir='ltr'>ct</span> <span class='ocrx_word' id='word_1_291' title='bbox 546 3975 638 4022; x_wconf 85' lang='lat' dir='ltr'>extra</span> <span class='ocrx_word' id='word_1_292' title='bbox 661 3949 757 4044; x_wconf 86' lang='lat' dir='ltr'>regni</span> <span class='ocrx_word' id='word_1_293' title='bbox 786 3949 879 4029; x_wconf 85' lang='lat' dir='ltr'>fines,</span> <span class='ocrx_word' id='word_1_294' title='bbox 904 3946 1122 4041; x_wconf 86' lang='lat' dir='ltr'>requirendos</span> <span class='ocrx_word' id='word_1_295' title='bbox 1144 3941 1250 4039; x_wconf 80' lang='lat' dir='ltr'>jussit,</span> 
     </span>
     <span class='ocr_line' id='line_1_40' title="bbox 108 4038 1249 4139; baseline -0.01 -12"><span class='ocrx_word' id='word_1_296' title='bbox 108 4060 201 4130; x_wconf 74' lang='lat' dir='ltr'>viros</span> <span class='ocrx_word' id='word_1_297' title='bbox 234 4056 372 4130; x_wconf 83' lang='lat' dir='ltr'>instituti</span> <span class='ocrx_word' id='word_1_298' title='bbox 406 4053 451 4125; x_wconf 86' lang='lat' dir='ltr'>sui</span> <span class='ocrx_word' id='word_1_299' title='bbox 476 4038 705 4129; x_wconf 71' lang='lat' dir='ltr'>administros,</span> <span class='ocrx_word' id='word_1_300' title='bbox 732 4068 819 4139; x_wconf 83' lang='lat' dir='ltr'>quos</span> <span class='ocrx_word' id='word_1_301' title='bbox 843 4043 1075 4125; x_wconf 71' lang='lat' dir='ltr'>beneficentia,</span> <span class='ocrx_word' id='word_1_302' title='bbox 1101 4059 1136 4112; x_wconf 89' lang='lat' dir='ltr'>et</span> <span class='ocrx_word' id='word_1_303' title='bbox 1152 4045 1249 4115; x_wconf 88' lang='lat' dir='ltr'>omni</span> 
     </span>
     <span class='ocr_line' id='line_1_41' title="bbox 106 4138 1251 4243; baseline -0.013 -14"><span class='ocrx_word' id='word_1_304' title='bbox 106 4155 221 4229; x_wconf 77' lang='lat' dir='ltr'>favore</span> <span class='ocrx_word' id='word_1_305' title='bbox 238 4158 375 4231; x_wconf 83' lang='lat' dir='ltr'>clientes</span> <span class='ocrx_word' id='word_1_306' title='bbox 392 4150 465 4226; x_wconf 89' lang='lat' dir='ltr'>suos</span> <span class='ocrx_word' id='word_1_307' title='bbox 481 4148 571 4224; x_wconf 83' lang='lat' dir='ltr'>fecit</span> <span class='ocrx_word' id='word_1_308' title='bbox 622 4147 800 4243; x_wconf 78' lang='lat' dir='ltr'>Qantirnt</span> <span class='ocrx_word' id='word_1_309' title='bbox 816 4144 857 4217; x_wconf 91' lang='lat' dir='ltr'>de</span> <span class='ocrx_word' id='word_1_310' title='bbox 876 4143 972 4219; x_wconf 88' lang='lat' dir='ltr'>bonis</span> <span class='ocrx_word' id='word_1_311' title='bbox 998 4141 1112 4227; x_wconf 76' lang='lat' dir='ltr'>licerit,</span> <span class='ocrx_word' id='word_1_312' title='bbox 1136 4138 1251 4214; x_wconf 85' lang='lat' dir='ltr'>litera-</span> 
     </span>
    </p>
   </div>
   <div class='ocr_carea' id='block_1_4' title="bbox 0 0 1391 4914">
    <p class='ocr_par' dir='ltr' id='par_1_5' title="bbox 0 0 1391 4914">
     <span class='ocr_line' id='line_1_42' title="bbox 0 0 1391 4914; baseline 0 0"><span class='ocrx_word' id='word_1_313' title='bbox 0 0 1391 4914; x_wconf 95' lang='lat' dir='ltr'> </span> 
     </span>
    </p>
   </div>
  </div>
 </body>
</html>
