2754 4914
117 242 144 295 “
441 250 504 327 DE
527 257 622 327 REP.
647 257 940 328 ORDINANDA.
1043 276 1066 300 ’·
1200 282 1261 355 er5

119 411 228 475 orniffis
245 409 380 493 pecuniae
396 402 426 472 e't
440 410 571 491 corporis
586 407 711 491 gaudiis,
734 407 834 471 animo
849 409 1013 494 indulgens,
1035 430 1094 474 non
1110 407 1257 479 assentan-

119 498 171 566 do,
186 518 280 579 neque
295 497 453 574 concupita
469 495 638 577 praebendo‚
654 493 841 575 ‘perversam
880 498 979 558 ratium
994 495 1186 579 gratificans;
1209 497 1256 561 sed

120 583 152 643 in
168 581 276 656 labore,
289 580 441 662 patiemini,
452 580 591 660 bonisque
605 580 767 662 praeceptis,
779 579 835 641 ets
881 585 903 643 ia
915 580 1040 645 sortibus
1054 583 1254 647 exercitando.

120 666 204 730 Nam
226 669 361 742 domum,
383 681 434 728 aut
448 664 546 727 villam
564 680 711 738 extruere,
733 684 858 748 eamque
879 663 979 751 sigula,
1000 666 1114 753 aluaeit,
1136 669 1255 752 aliisque

124 754 259 832 operibus
279 772 430 824 exornare,
452 765 482 812 et
494 751 595 812 omnia
612 748 722 831 potiris,
744 749 834 831 quam
850 750 938 813 seruet
953 752 1099 814 visendum
1118 757 1234 817 efficere
1243 780 1255 831 ς

120 834 134 875 ⁵
150 837 177 898 id
192 834 245 912 est,
262 859 320 899 non
336 837 449 899 divitias
464 838 562 898 decori
581 837 699 912 hibere,
714 835 758 898 sed
776 836 867 916 ipsum
883 836 939 898 illis
955 836 1066 922 flagitio
1078 836 1131 899 est.
1163 837 1255 902 Porro

123 922 154 996 ii,
177 919 282 1007 quibus
299 924 342 983 bis
358 923 403 983 die
418 938 548 982 ventrem
563 942 697 998 onerare,
713 919 824 984 nullam
839 920 957 985 nodlem
974 922 1032 987 srne
1047 923 1142 986 scorto
1156 925 1254 1007 quies-

118 1028 196 1080 cere,
220 1028 284 1069 rnos
307 1007 369 1077 esl3
393 1007 441 1069 ubi
459 1007 606 1079 animum,
629 1026 718 1085 quem
737 1007 879 1067 dominari
904 1007 1035 1084 decebat,
1059 1009 1174 1072 servitio
1197 1026 1255 1091 op·

120 1094 259 1173 pressere:
285 1096 484 1175 nequicquam
500 1112 537 1151 eo
552 1089 648 1170 posted
665 1091 773 1168 habeti,
794 1108 883 1176 arque
897 1093 1015 1169 claudo,
1039 1115 1092 1176 pro
1112 1096 1255 1159 exercitio

118 1178 293 1240 utivolunt.
341 1176 424 1239 Nam
440 1175 635 1256 imprudentia
650 1175 798 1258 pleraque,
811 1193 841 1238 et
855 1176 882 1239 se
898 1181 1090 1259 precipitant.
1138 1179 1254 1252 Vertirn
1291 1216 1294 1220 ·

118 1261 202 1336 llaec,¹
216 1280 245 1323 et
260 1263 359 1325 omnia
376 1261 453 1324 mala
469 1261 575 1342 pariter
589 1281 658 1322 cum
674 1261 785 1324 honore
802 1263 933 1342 pecuniae
952 1262 1099 1341 desinent,
1122 1262 1143 1330 sr
1160 1288 1255 1348 neque

118 1346 344 1431 magistratibus,
366 1367 461 1429 neque
481 1345 537 1408 alia
560 1345 650 1429 vulgo
670 1347 840 1431 cupiunda,¹
854 1350 967 1415 venalia
986 1366 1080 1412 erunt.
1126 1352 1174 1412 Ad
1197 1354 1256 1417 hoc

118 1432 331 1511 prouidendum
356 1433 409 1507 est,
440 1452 570 1513 quonam
595 1431 684 1501 modo
710 1431 806 1509 Italia,
837 1447 927 1515 atque
948 1436 1108 1516 provinciae
1133 1438 1256 1503 tutiores

118 1514 190 1578 sint:
216 1519 242 1578 id
260 1519 337 1599 quod
355 1518 432 1579 saslu
448 1515 523 1579 haud
538 1516 693 1579 obscurum
708 1515 760 1581 est.
806 1514 888 1580 Nam
905 1520 981 1582 idem
1006 1523 1108 1588 omnia
1131 1518 1255 1603 vastant,

118 1600 182 1673 suas
196 1602 350 1666 deserendo
365 1606 480 1684 domos,
498 1617 528 1666 et
543 1622 594 1685 per
608 1603 742 1687 injuriam
761 1603 869 1664 alienas
882 1603 1067 1687 occupando.
1113 1604 1189 1669 Item
1205 1631 1255 1686 ne,

84 1748 86 1752 .
120 1703 154 1750 ut
168 1688 275 1759 adhuc,
298 1688 402 1750 militia
427 1685 544 1772 injusta,
566 1702 617 1751 aut
642 1688 794 1769 lnaequalis
809 1685 862 1764 site
885 1687 956 1753 clim
972 1691 1019 1754 alii
1036 1692 1168 1777 triginta,
1189 1714 1256 1775 pars

118 1771 233 1835 nullum
256 1771 429 1854 stipendium
452 1773 555 1834 saciet:
579 1788 609 1836 et
627 1772 810 1839 frumentum
833 1771 874 1851 id,
897 1775 977 1858 quod
997 1775 1082 1839 anteal
1101 1781 1256 1857 praernlurn

118 1857 127 1919 i
151 1857 245 1921 nariae
260 1859 326 1933 fuit,
350 1880 400 1941 per
423 1859 599 1939 municipia,
621 1872 651 1919 et
673 1858 805 1922 colonias
820 1857 876 1922 illis
890 1859 959 1923 dare
973 1864 1144 1924 conveniet:
1170 1862 1255 1947 crini,

117 1879 264 2024 (sipendiis
280 1953 291 1980 ³
306 1945 445 2020 emeritis,
467 1944 572 2006 domos
587 1947 751 2006 everterint
796 1943 877 2026 Qiae
892 1945 1060 2026 reipublicae
1087 1946 1252 2026 necessaria,

118 2028 231 2111 tibique
252 2028 376 2115 gloriosa
395 2042 472 2092 ratus
497 2028 572 2104 suna,
594 2029 684 2110 quim
710 2029 883 2109 paucissimis
907 2029 1024 2095 absolvi.
1071 2032 1152 2096 Non‘
1171 2038 1253 2122 pejus

117 2111 232 2176 videtur
247 2134 339 2194 pauca
354 2134 434 2177 nunc
449 2114 486 2176 de
496 2112 575 2187 sadlo
586 2135 654 2176 nreo
665 2112 802 2179 disserere.
827 2115 963 2199 Plerique
978 2119 1115 2181 mortales
1125 2120 1254 2213 adjudi·
1329 2149 1338 2193 ¹.

118 2197 246 2260 candum
261 2196 328 2262 satis
344 2197 453 2282 ingenii
470 2198 588 2275 habent,
604 2215 655 2262 aut
668 2197 826 2276 simulant3
843 2202 945 2265 verium
960 2217 1060 2267 tamen
1076 2203 1110 2266 ad
1126 2206 1137 2242 ‘¹
1156 2228 1255 2287 repre·
1327 2273 1330 2277 ,

118 2283 271 2347 bendenda
286 2283 376 2348 aliena
393 2283 479 2362 sada,
502 2300 553 2347 aut
567 2283 653 2362 dieta,
674 2286 753 2349 ardet
766 2288 905 2351 omnibus
919 2288 1053 2358 animur:
1077 2291 1126 2354 vix
1141 2289 1206 2353 sauls
1222 2313 1255 2354 a·

118 2386 236 2463 portum
252 2392 297 2447 os,
318 2369 483 2453 autlingua
498 2387 634 2452 prompta
650 2373 773 2449 videtur,
796 2394 864 2456 quae
880 2374 1020 2437 meditata
1043 2378 1159 2456 pedlore
1174 2377 1256 2443 evol-

118 2470 186 2517 vat:
211 2457 316 2538 quibus
332 2474 379 2518 me
393 2456 552 2545 subjeslum
568 2456 644 2521 haud
670 2459 805 2539 poenitet,
826 2481 873 2520 ma
895 2457 921 2523 ls
937 2469 948 2497 ⁸
964 2458 1108 2529 reticuisse
1134 2463 1271 2546 pigeret·

116 2538 199 2605 Nam
216 2539 272 2603 sive
286 2541 355 2618 hac,
379 2544 426 2605 seu
442 2542 560 2605 meliore
575 2542 642 2617 allai,
665 2545 711 2607 vie
727 2563 830 2626 perges
840 2570 850 2620 l
873 2483 962 2615 ἕως,
985 2546 1118 2626 quidem,
1139 2567 1192 2625 pro
1206 2548 1256 2611 vi·

115 2625 162 2689 rili
178 2642 257 2709 Parte
272 2626 398 2702 dislum‚
417 2641 447 2688 et
461 2629 594 2712 adjutum
609 2627 705 2691 suerit.
751 2627 915 2710 Reliquum
932 2626 974 2701 est
989 2643 1100 2710 optare,
1117 2631 1171 2703 uri,
1185 2653 1254 2711 quae

115 2711 170 2792 ribi
184 2712 359 2793 placuerint,
380 2710 459 2775 cadi
474 2712 654 2776 immortales
671 2713 842 2797 approbent,
865 2710 998 2799 beneque
1013 2716 1130 2777 evenire
1144 2714 1252 2792 fiuant.

617 2995 746 3053 NOTAE.

146 3188 159 3231 „²
178 3175 326 3242 Perverjum]
344 3178 368 3239 ld
387 3178 427 3234 esi,
444 3178 501 3244 Qu
520 3178 569 3239 plut
587 3175 663 3225 dolori·
734 3172 879 3240 ‘Ennirirff
897 3175 921 3221 ld
934 3175 973 3232 est,
987 3172 1180 3240 postquamlrgibur
1191 3175 1253 3239 desti·

114 3256 139 3295 et
149 3246 197 3290 mali
209 3243 282 3290 afferet
293 3243 358 3303 quim
370 3244 493 3304 rolpptatrt.
700 3253 771 3290 uatum
781 3253 858 3303 tempus
869 3240 950 3286 miliriae
959 3239 1062 3303 dediffeqr.

148 3304 201 3354 ΜΔ
219 3304 267 3370 (Μ
285 3308 378 3352 Utinam
397 3307 454 3352 istun
472 3305 585 3366 aliquando
594 3305 626 3352 illi
637 3320 662 3353 a·
732 3304 745 3345 s
764 3302 957 3368 deprehendenda]
974 3305 1023 3350 llloe
1042 3303 1110 3364 carpit
1127 3304 1163 3366 qui
1185 3304 1251 3357 suurn

116 3372 177 3418 nimo
194 3379 324 3428 reputarent,
342 3371 378 3429 qul
399 3371 429 3426 se,
448 3385 484 3429 per
501 3370 623 3416 diuitiarum
639 3384 680 3414 a-·
702 3369 798 3416 studium
811 3378 832 3416 et
843 3368 966 3424 scripturam
976 3368 1166 3429 reprehendebant.

117 3437 204 3489 basum,
222 3449 265 3479 non
278 3431 501 3481 modbirrustresiieri
515 3436 661 3494 arbitranturp
734 3442 746 3470 ⁸
767 3429 896 3499 Reriruffe]
915 3433 938 3479 ld
959 3431 1000 3489 est,
1016 3433 1041 3480 de
1059 3433 1083 3479 iii
1103 3448 1139 3478 non
1161 3430 1252 3510 monuff

116 3504 161 3558 fed,
178 3499 253 3559 spretis
264 3498 350 3553 insuper
368 3499 446 3558 quibus
462 3497 545 3557 gloriari
556 3497 610 3542 relle
628 3498 662 3544 ri·
701 3494 801 3565 §psorem
812 3513 859 3561 quae
869 3498 944 3562 optim
955 3495 990 3563 effe
1000 3496 1101 3555 ardebat.

116 3572 194 3614 dentur
206 3563 283 3619 titulis,
301 3573 323 3608 et
333 3562 412 3608 Cbrilli
426 3562 523 3620 nomine,
534 3562 582 3621 ejna
592 3575 665 3608 mem·

70 3654 81 3671 .
116 3636 153 3683 bn
169 3627 347 3689 sanguinemque,
363 3642 401 3691 pro
416 3627 490 3687 libito,
507 3627 596 3689 pedibus
614 3641 664 3688 pro,

116 3698 212 3747 tulmi-
307 3702 309 3706 '
