2754 4914
553 241 862 310 FRAGMENTA.
1221 274 1279 344 ¹97
1361 268 1365 279 ·

130 387 166 434 et
181 374 210 433 in
227 369 440 456 magistratibus
451 372 527 455 egi:
552 373 603 454 qui
619 381 632 409 ²
647 372 826 457 lingui‚q11i
840 372 961 437 consilio
982 395 1062 451 meo,
1086 375 1135 458 qui
1152 380 1277 458 pecuniti

137 458 265 533 voluere,
281 456 321 520 usr
342 458 429 532 sunt3
452 477 548 539 neque
571 478 629 541 ogo
643 459 778 534 callidam
795 456 978 535 =facundiam,
1002 483 1099 544 peque
1124 463 1278 545 ingenium

54 584 57 589 -
135 543 435 605 advmatefaciendum
457 544 597 618 exercui5
634 540 836 611 'avidissimus
861 548 981 626 privatae
1006 549 1111 630 gratiae
1135 550 1279 610 maximas

136 626 305 691 inimicitias
327 650 379 708 pro
399 624 549 709 republicd
570 629 699 708 suseepi;
724 633 774 711 qui
796 630 892 692 vidius
920 652 988 693 cum
1016 632 1062 693 illai
1086 632 1183 706 simul,
1205 631 1278 695 crim

136 734 226 794 egens
238 713 339 775 alienae
354 714 429 794 opis,
446 713 527 792 plura
545 713 619 774 mala
632 715 834 796 expectarem,
850 739 915 792 vot,
933 717 1079 798 Qirires,
1093 719 1189 780 rursus
1205 721 1290 785 mini,

138 794 272 878 pristim,
296 801 364 859 deos
374 792 510 880 penates,
536 821 605 859 eum
624 800 735 882 ingenti
761 801 906 884 dignitate
929 801 1051 863 dedistis·
1098 801 1153 864 Pro
1169 805 1279 885 quibus

139 882 284 945 beneficiis
298 886 346 946 vix
361 884 425 946 satis
439 900 539 968 gratus
556 885 661 958 videar,
678 884 699 961 si
714 885 833 968 singulis
846 888 986 961 animam,
1013 891 1026 919 ²
1045 908 1133 970 quam
1148 909 1276 970 nequeo,
1309 878 1314 887 ’

135 965 333 1039 concesserim.
358 969 440 1030 Nam
457 972 516 1030 vito
537 984 565 1028 et
588 990 665 1030 mors
677 971 744 1054 jura
759 988 873 1033 naturae
888 973 953 1033 sunt
967 1000 976 1048 ;
1007 970 1050 1034 uti
1066 970 1125 1033 sure
1136 973 1278 1038 dedecore

135 1058 205 1117 cum
222 1056 348 1127 civibus,
364 1053 443 1116 samri
454 1069 483 1114 er
498 1054 622 1115 fortunis
642 1054 754 1137 integer
768 1078 848 1138 agas,
865 1056 891 1117 id
908 1056 987 1123 dono
1001 1057 1084 1120 datur
1096 1072 1184 1138 atque
1197 1060 1278 1121 acci·
1343 1082 1346 1090 ’

135 1140 220 1218 pitur.
266 1140 410 1202 Consules
426 1159 486 1200 non
500 1135 620 1211 fecistis,
636 1138 780 1220 QiriteS,
796 1142 910 1216 bdomi,
925 1143 1052 1226 bellique
1063 1143 1278 1222 impeditiffimai
1300 1151 1303 1160 '

135 1227 236 1306 repub.
280 1224 423 1305 Namque
438 1225 650 1303 cimperatores
672 1218 819 1305 Hispaniae
839 1224 1024 1306 stipendium,
1040 1227 1159 1303 militm,
1182 1250 1275 1305 arma,

135 1310 316 1370 frnmentum
334 1311 478 1389 poscunt3
501 1325 531 1370 et
546 1307 572 1368 id
590 1328 634 1370 res
654 1311 753 1393 cogit:
776 1313 916 1394 quoniam
937 1312 1000 1394 pust
1020 1312 1213 1376 desedlionem
1232 1317 1279 1377 so-

136 1398 262 1468 ciorum,
280 1410 309 1456 et
332 1393 451 1457 Sertorii
469 1392 517 1474 p'er
533 1395 643 1465 montis
664 1396 777 1476 fugem,
801 1417 897 1476 neque
912 1419 1000 1458 manu
1021 1413 1130 1459 certare
1146 1397 1276 1479 poliunt,
1351 1438 1356 1445 ·

136 1503 233 1561 neque
260 1479 339 1540 utilia
361 1501 468 1559 parare.
514 1478 671 1541 Exercitus
695 1481 725 1545 in
752 1479 820 1542 Ana
836 1480 1003 1562 Cilicidqne
1027 1484 1065 1544 ob
1082 1486 1186 1545 nimius
1202 1505 1275 1565 opes

137 1563 320 1627 Mithridatis
338 1565 455 1628 aluntur
471 1592 480 1640 ;
505 1563 685 1625 Macedonia
700 1567 784 1646 plena
799 1565 926 1637 hostium
937 1565 1001 1640 est;
1025 1588 1081 1628 nec
1097 1566 1196 1631 mimis
1210 1570 1275 1633 Ita·
1366 1624 1371 1637 ,

136 1651 185 1774 lae
209 1650 365 1725 maritima,
395 1667 425 1712 et
446 1650 673 1731 provinciarum,
705 1649 776 1717 cum
799 1652 916 1714 interim
939 1651 1092 1734 vectigalia
1115 1670 1214 1731 parva,
1247 1671 1278 1716 et

168 1736 251 1798 bellis
266 1736 389 1810 incerta,
420 1739 470 1798 vix
487 1750 596 1816 partem
621 1735 790 1818 sumptuum
812 1734 970 1823 sustinent:
1007 1738 1019 1773 ³
1036 1735 1080 1799 lta
1096 1735 1193 1812 classe,
1216 1743 1277 1820 qud

124 1835 321 1893 ,commeatus
345 1821 516 1899 vehebatur,
539 1824 654 1884 minore
678 1841 768 1902 quam
790 1835 888 1897 antea,
913 1823 1098 1904 navigamus.
1143 1823 1279 1889 ‘Haecst

134 1906 205 1969 dolo
227 1921 277 1967 aut
291 1905 420 1969 socordid
442 1905 540 1969 nostrai
556 1904 707 1968 contrasia
722 1907 797 1982 sunt,
813 1908 903 1989 agite,
917 1922 946 1968 et
969 1907 1011 1969 uti
1033 1907 1126 1983 lubet,
1148 1908 1188 1970 ita
1211 1909 1226 1970 s
1242 1932 1279 1990 p-

136 1990 259 2070 plicium
276 1992 399 2053 sumite:
434 1990 476 2053 stu
499 1993 669 2052 communis
694 1992 809 2053 fortuna
825 1991 948 2071 asperior
968 1990 1020 2068 est,
1043 2012 1133 2074 quare
1158 1993 1280 2078 indigna

136 2075 233 2152 vohis,
248 2077 399 2157 nobisque,
415 2090 445 2141 et
460 2097 519 2156 rep.
534 2074 684 2155 incipitis?
709 2076 812 2159 Atque
831 2096 899 2159 ego,
920 2079 1007 2159 cujus
1017 2080 1099 2157 aetati
1115 2099 1194 2141 mors
1210 2101 1281 2159 pro-

136 2158 266 2243 pior,est,
280 2182 341 2223 non
364 2161 512 2243 deprecor,
528 2160 549 2224 st
565 2162 634 2242 quid
647 2164 683 2224 ei
704 2164 789 2224 vobis
810 2161 992 2224 incommodi
1012 2163 1157 2238 demitur;
1181 2185 1280 2248 neque
1314 2204 1341 2222 ·,

136 2267 208 2311 mox
225 2243 375 2328 fingenuo
390 2247 507 2327 corpori
523 2243 679 2320 bonelliiis,
703 2247 791 2327 quim
808 2267 861 2326 pro
875 2243 968 2310 vestri
983 2247 1083 2324 salute,
1105 2242 1195 2310 linem
1209 2253 1279 2314 vitae

136 2332 245 2395 secerit.
292 2332 416 2406 Adsum,
428 2353 465 2393 en
481 2330 539 2394 Cn.
556 2330 648 2420 Cotto
657 2331 781 2405 Consul,
792 2334 869 2394 facio
880 2332 960 2415 quod
974 2329 1046 2413 saepd
1059 2335 1184 2420 majores
1196 2335 1279 2417 aspe-

135 2419 175 2478 ris
190 2416 270 2479 bellis
285 2417 379 2487 ,secere
393 2444 402 2493 3
427 2439 531 2492 voveo,
546 2417 679 2500 dedoque
692 2439 738 2479 me
754 2440 807 2499 pro
822 2435 881 2498 rep.
896 2439 985 2496 quam
1001 2417 1104 2481 deinde
1119 2421 1169 2490 cui
1190 2442 1278 2482 man·

132 2503 207 2579 detis
218 2502 442 2586 circumspicite.
487 2511 500 2552 ⁸
517 2501 599 2565 Nam
614 2502 702 2566 talem
718 2504 859 2566 honorem
875 2498 970 2568 bonu's
986 2521 1075 2566 nemo
1091 2503 1183 2580 volet,
1206 2504 1278 2591 cum
1351 2505 1360 2569 f

549 2717 865 2783 INTERPRETATIO·

180 2837 190 2869 ¹
215 2833 284 2896 Crini
300 2833 346 2915 effe
366 2829 536 2913 avidiffimus
558 2829 687 2912 privata
726 2828 870 2915 lis‚quam
880 2841 931 2915 pro
951 2828 1276 2913 ingulismequeodare.

44 2968 48 2981 ,
132 2919 250 2999 grotiae,
266 2919 374 3003 suseepi
394 2917 496 2981 multas
522 2915 686 2978 inimicitias
769 2915 853 2977 ³Ita
876 2915 1046 2996 navigamus
1062 2913 1150 3000 claffo
1174 2913 1278 2978 minore
1365 2911 1369 2923 ’

131 3021 185 3088 pro
200 3005 348 3085 republicis.
726 3003 809 3087 quim
831 3024 874 3073 cu,
898 3001 954 3082 qud
979 3015 1136 3067 commeatus
1158 3001 1288 3066 vehebn-'

99 3166 102 3171 ἡ
178 3093 192 3122 ²
214 3089 246 3152 Si
260 3089 380 3156 dederim
391 3088 513 3152 animam
524 3087 685 3176 prostngu-
725 3087 884 3167 trinumeri,

643 3279 770 3341 NOTAE.

45 3444 50 3457 .
168 3412 305 3477 stingum]
342 3412 440 3458 Arbitror
457 3410 517 3455 hune
535 3411 576 3455 elie
587 3411 686 3468 Cottam,
757 3408 867 3474 effato]
884 3408 1075 3476 Cqsurreipubsicae
1084 3411 1149 3458 varii.

135 3493 202 3537 quem
215 3479 291 3533 Cicero
302 3475 595 3532 ‘disertithmumpraeuieah
612 3473 687 3521 contri
720 3525 723 3533 ,
757 3474 900 3539 trigenum]
929 3477 1014 3523 lnaiiia
1031 3478 1071 3530 est,
1092 3476 1171 3537 ingenio
1190 3474 1295 3540 cerporirr

135 3557 201 3603 quem
213 3543 277 3587 etiam
291 3540 525 3601 mulieremquandam
536 3538 643 3585 defendit.
725 3541 781 3600 quod
797 3556 841 3589 noo
861 3542 945 3600 placet:
972 3555 1096 3601 quanquam
1117 3540 1169 3585 iliud
1187 3555 1279 3600 quomo-

169 3604 285 3668 boemi]
319 3605 387 3651 Bellis
399 3603 509 3656 civilibus,
529 3619 567 3662 per
577 3603 687 3659 Marium,
725 3606 753 3650 do
763 3605 921 3664 explicernnon
932 3605 981 3651 satis
992 3606 1061 3651 video,
1098 3603 1273 3653 Nistsorricon·

135 3671 228 3729 Syllam,
248 3670 339 3732 aliosque
351 3668 461 3716 exhaustae
473 3668 560 3715 fueraut
572 3667 630 3714 vires
642 3668 686 3715 im·
727 3668 759 3715 sul
779 3669 859 3724 noller,
879 3672 915 3728 qni
933 3670 981 3729 jam
1000 3667 1063 3728 sopri
1074 3671 1101 3714 de
1118 3669 1194 3714 inseris
1214 3667 1279 3714 verba
1316 3696 1319 3701 -

135 3736 198 3796 perii.
594 3785 597 3791 ¹
724 3734 827 3794 quaedam
842 3733 925 3801 injecit,
948 3732 1104 3794 philosophici,
1123 3732 1167 3778 sese
1186 3731 1284 3779 noluerit

108 3817 110 3821 ·
166 3795 352 3862 ‘Imperatorerff
372 3791 475 3843 Vidimus
485 3793 510 3845 ei
520 3798 576 3845 dete
588 3796 685 3856 Pompe·
725 3797 794 3844 vitem
812 3797 945 3858 ingenuum,
964 3796 1000 3844 sed
1017 3812 1094 3856 eorpus
1109 3794 1195 3842 tantirm
1212 3795 1280 3841 morti

106 3861 109 3865 ’
132 3864 277 3925 horridulum,
291 3877 387 3924 quocum
397 3860 616 3909 Metellusaduersua
633 3861 685 3909 Ser·
724 3863 806 3908 tradere
816 3877 837 3920 5,Ι
851 3865 907 3924 quod
921 3862 1011 3924 quidem
1030 3865 1055 3906 ad
1067 3860 1239 3921 persuadendum
1256 3869 1280 3906 et

134 3931 217 3974 toriom
227 3929 341 3987 imperator
351 3936 436 3978 creatus
447 3925 525 3975 suerat.
725 3930 911 3974 commonendum
924 3938 998 3985 aptum
1011 3939 1095 3986 quoqne
1106 3922 1181 3969 fuerit.

166 3994 178 4027 d
196 3991 285 4057 uellit]
304 3993 382 4039 Piratae
394 3990 463 4047 enim,
479 3986 623 4043 Mithridatici
635 3989 684 4036 belli
756 3998 769 4037 8
788 3991 848 4039 Nam
859 3989 945 4054 talem]
980 3988 1058 4035 Tacite
1069 3985 1150 4043 innuit,
1169 3986 1190 4032 se
1207 3986 1279 4040 adhuc

134 4054 204 4102 oblati
221 4059 341 4112 occasione,
360 4055 502 4110 mariabello,
523 4054 580 4115 quast
599 4064 686 4114 tempe·
725 4053 803 4106 utilem
823 4055 869 4102 sore
886 4053 1023 4113 respublica»,
1038 4066 1077 4097 ner
1097 4061 1143 4096 tam
1161 4048 1223 4113 culpi
1241 4048 1280 4099 sui

134 4121 189 4164 slt'e
208 4116 378 4181 praeclirserutit3
403 4119 438 4165 alii
459 4120 610 4165 rebellabant:
635 4117 687 4165 Ser·
724 4113 1188 4184 exercitumantlthritat'eresumsuisse.

47 4228 50 4233 ,
132 4183 200 4245 poploe
217 4183 241 4231 iu
254 4180 360 4247 lsrsponlai
379 4185 448 4232 multa
458 4183 619 4246 intercipiebat,
637 4180 685 4233 &o
772 4196 774 4201 ·

771 4253 849 4342 Ns
