2754 4914
80 247 146 317 234
335 224 653 293 nucuauarro
675 226 728 295 ru
751 227 962 295 sautusr.

77 366 212 442 siffimoS,
237 363 337 428 villam
352 363 476 428 Tiburti
493 361 531 428 C.
548 363 683 441 Caesaris,
707 364 830 447 reliquas
850 364 1041 446 possessiones,
1066 364 1245 445 paraveris.

38 464 43 481 “
80 451 195 534 Neque
209 453 306 534 piguit
320 458 465 533 quaerere,
487 456 541 512 'cur
555 444 613 537 'ego
630 449 664 513 Ρ.
679 444 772 517 Crassi
792 450 915 513 domum
929 448 1056 512 emissem
1073 471 1081 511 :
1106 450 1188 513 ciam
1208 468 1246 514 tu

78 538 185 602 veteris
203 537 279 599 villae
295 539 434 608 dominus
456 532 503 609 fis,
526 536 611 618 cujus
626 534 713 616 paulo
727 534 794 599 ante
808 537 903 597 fuerat
925 533 1049 598 Caesar?
1085 547 1099 572 ²
1117 534 1245 612 Modo,

78 625 220 705 inquam,
244 622 421 702 patrimonio
436 642 494 682 non
518 621 645 696 comeso,
670 622 716 683 sed
740 623 900 696 devorat03
931 620 1040 701 quibus
1061 620 1244 683 rationibus

78 708 202 790 repente
216 708 311 771 factus
326 727 358 771 ea
374 724 435 770 tarn
458 706 592 780 affluens,
609 720 713 767 ettam
729 705 855 767 beatus?
892 703 976 769 Nam
989 707 1056 787 quis
1072 720 1103 769 te
1119 706 1244 770 faceret

77 794 239 870 lraeredem,
263 815 351 876 quam
368 813 404 853 ne
418 792 550 852 amicum
572 790 689 871 quidem
713 789 794 850 suum
810 789 878 851 satis
892 786 1044 852 honestum
1067 790 1242 872 quisquam
1337 826 1341 831 -

77 877 129 943 stbi
145 879 239 954 ducit,
256 877 306 940 nisr
324 877 435 951 similis,
450 896 483 935 ac
499 875 606 955 partui
625 873 636 934 ?
662 879 704 936 At
714 875 843 948 hercule,
858 877 974 959 egregia
987 875 1065 936 sadta
1077 879 1243 959 majorum
1344 952 1348 957 ι

78 979 200 1029 tuorum
216 981 244 1024 te
268 962 435 1034 extollunt3
460 980 586 1038 quorum
604 957 661 1020 srve
681 974 713 1021 tu
726 980 758 1020 es
771 958 882 1033 fimitis,
897 961 954 1021 srve
968 960 1008 1022 illi
1025 961 1083 1035 tui,
1099 961 1183 1023 nihil
1197 960 1240 1023 ad

7 1098 11 1108 .
78 1052 215 1116 omnium
230 1048 332 1122 scelus,
348 1067 382 1107 ac
394 1044 568 1124 nequitiam,
583 1044 647 1105 addi
659 1047 760 1124 potest.
807 1043 933 1119 Verum,
948 1059 980 1105 ut
994 1046 1114 1125 opinor,
1133 1047 1241 1109 hono·

77 1157 125 1200 res
140 1138 183 1198 tui
211 1150 240 1195 te
253 1133 367 1193 faciunt
389 1129 567 1191 insolentem.
612 1128 680 1203 Tu,
705 1129 809 1210 Crispe
825 1128 952 1205 Sallusti,
980 1130 1126 1191 tantidem
1144 1148 1239 1212 putas
1341 1153 1344 1188 1

78 1219 137 1284 elle
150 1220 164 1258 b
178 1220 221 1279 bis
236 1219 408 1289 senatorem,
433 1212 462 1276 et
478 1215 522 1275 bis
542 1213 715 1296 quaeslorem
729 1213 813 1289 fieri3
850 1216 952 1297 quanti
965 1215 1009 1275 bis
1025 1215 1238 1294 consularemt

78 1306 173 1390 etpbie
183 1301 389 1382 triumphalem
407 1298 417 1361 i
441 1310 452 1335 ⁹
468 1298 578 1361 Carere
593 1299 679 1362 debet
692 1302 774 1362 omni
790 1300 874 1377 vitio,
889 1300 940 1383 qui
957 1300 986 1361 in
998 1298 1128 1362 alterum
1144 1323 1240 1382 para-

77 1407 127 1454 tus
142 1387 183 1450 est
192 1389 304 1452 dicere.
349 1388 362 1424 ‘¹
376 1384 405 1448 Is
430 1386 549 1446 demum
566 1385 728 1461 maledicit,
754 1386 805 1468 qui
822 1405 882 1446 non
897 1383 991 1466 potest
1006 1405 1113 1447 verum
1129 1387 1171 1447 ab
1186 1386 1241 1449 al-'

77 1488 143 1538 tero
158 1474 268 1535 audire.
314 1470 370 1533 Sed
386 1487 419 1534 tu
437 1472 572 1532 omnium
595 1471 759 1531 mensarum
775 1467 888 1545 assecla,
914 1469 1048 1532 omnium
1063 1471 1238 1534 cubiculo·

78 1583 146 1624 rum
160 1561 191 1621 in
207 1574 294 1621 aetate
309 1570 321 1595 ⁰
338 1557 441 1636 pellex,
468 1572 497 1618 et
522 1555 599 1617 idem
615 1553 713 1634 postea
728 1554 851 1629 adulter,
876 1555 975 1617 omnis
999 1555 1113 1618 ordinis
1128 1559 1239 1641 turpi.

78 1646 152 1710 tudo
165 1666 209 1725 es,
234 1660 264 1706 et
277 1642 373 1705 civilis
388 1642 455 1703 belli
480 1639 492 1678 f
506 1640 657 1703 memoria.
701 1639 784 1719 Qud
799 1643 877 1701 enim
903 1637 1022 1723 gravide
1037 1642 1098 1719 pati
1126 1645 1239 1722 potui.

78 1755 159 1808 mus,
176 1731 266 1812 quiam
283 1729 362 1811 quod
379 1743 406 1788 te
420 1726 591 1788 incolumen
607 1726 637 1787 in
653 1726 710 1787 hoc
724 1724 825 1785 ordine
839 1725 988 1786 videamus
1002 1722 1013 1784 ἒ
1038 1722 1158 1788 Desine
1173 1727 1236 1791 bo-

76 1835 135 1883 nos
149 1815 372 1898 petulantissima
388 1810 545 1873 consediari
565 1812 689 1893 linguai:
719 1808 815 1871 desine
841 1810 945 1870 morbo
959 1810 1155 1888 procacitatis
1177 1811 1239 1877 isio

64 1905 124 1969 ¹uti
136 1925 144 1967 ;
156 1901 262 1962 'desine
277 1917 517 1979 unumquemque
532 1896 660 1957 moribus
676 1894 734 1956 tuis
748 1892 899 1955 estimare-2
929 1895 976 1954 his
991 1894 1128 1958 moribus
1139 1898 1236 1960 ¹ami-

80 2009 151 2050 cum
168 1987 219 2047 tibi
245 1987 341 2046 facere
360 2005 418 2045 non
441 1997 536 2060 potes,
566 1981 672 2041 videris
687 1978 759 2040 velle
778 1979 934 2040 inimicum
956 1977 1071 2040 habere.
1118 1979 1238 2046 Finem

80 2071 197 2136 dicendi
224 2072 342 2144 faciam,
363 2068 397 2131 Ρ.
412 2065 450 2128 C.
468 2065 552 2146 Saepe
567 2065 645 2127 enirn
666 2065 723 2126 vidi
740 2061 857 2146 graviirs
872 2062 1018 2125 offendere
1038 2065 1162 2128 animos
1179 2088 1240 2129 au-

81 2158 208 2220 ditorum
224 2178 286 2229 eos,
310 2156 360 2234 qui
378 2153 470 2213 aliena
485 2152 593 2232 flagitia
608 2142 707 2229 aperte
718 2150 864 2223 dixerunt,
888 2149 977 2227 quam
998 2152 1119 2231 eosqui
1143 2173 1241 2215 com-

79 2244 230 2304 miserunt.
275 2239 354 2299 Mihi
365 2238 482 2318 quidem
498 2239 572 2297 ratio
587 2230 717 2296 habenda
727 2232 780 2309 est,
795 2253 855 2296 non
868 2234 937 2314 quid
952 2231 1106 2295 Sallustius
1120 2237 1241 2313 merito

81 2325 184 2390 debeat
198 2325 300 2390 audire
315 2344 322 2384 :
348 2322 393 2384 sed
410 2336 489 2381 ut'ea
503 2321 612 2396 dicam,
627 2319 648 2381 sr
663 2321 722 2401 qua
737 2340 795 2402 ego
808 2315 928 2382 honeste
941 2313 1024 2379 effari
1037 2317 1175 2399 possum.

253 2465 294 2530 C.
319 2459 599 2529 SALLUSTIUS
623 2458 799 2525 CRISPUS
828 2458 1052 2528 EXPLICIT.

588 2819 716 2875 NOTAE.

111 3005 124 3030 ¹
134 2991 224 3057 Mon]
240 2997 265 3041 Id
274 2995 314 3049 est,
331 3011 368 3041 non
378 2994 392 3041 d
402 2994 459 3056 longo
470 3003 566 3054 tempore.
703 2992 717 3031 δ
733 2993 757 3039 lr
767 2991 844 3039 demam
857 2991 984 3055 maledicio]
1000 2992 1025 3038 ld
1037 2994 1181 3059 cst‚finefiro
1193 2996 1242 3044 de.

107 3056 323 3123 ,blBiasmatarch
357 3064 439 3107 Amara
449 3059 480 3102 est
488 3057 571 3104 irrisio:
584 3056 631 3102 Sal·
671 3057 970 3167 trimentomaledscerepaeys.
1013 3087 1042 3101 -.
1097 3072 1100 3077 ·
1183 3056 1187 3062 ’

80 3122 147 3175 lustin
157 3120 228 3170 aeute'
239 3124 340 3181 exprobat
352 3120 408 3183 quiid
421 3123 494 3168 senatu
511 3118 631 3165 motursu-
702 3118 811 3165 ePelleta⁴
859 3120 909 3183 Jam
942 3116 1004 3184 upri,
1025 3115 1083 3181 quod
1106 3119 1240 3175 muliebri·

81 3187 137 3247 erit,
155 3199 218 3248 atque
237 3187 325 3247 iusuper
344 3202 396 3234 eum
416 3186 495 3245 arguit,
515 3182 572 3245 quast
584 3182 633 3231 ideo
669 3185 739 3246 pallus
750 3183 811 3238 esset,
823 3185 964 3241 exprobravit.

80 3251 297 3312 ineptigloriaretur.
581 3258 584 3265 ’
702 3245 857 3310 fruman]
891 3247 1243 3311 Idest,qreirnrriairrmme.

113 3313 240 3376 acarna]
274 3314 392 3374 Postquam
415 3311 466 3360 satis
489 3310 633 3358 adversarium
670 3328 705 3358 am
725 3323 820 3371 revocat,
839 3327 889 3375 qne
904 3323 944 3377 prr
961 3309 1162 3377 civilnddrrrdiar
1180 3319 1245 3387 μβ

80 3381 182 3444 agitarit,
202 3379 287 3437 ipsum,
311 3381 366 3437 quod
384 3373 483 3425 maximia
504 3374 633 3435 perstringit,
664 3375 745 3441 [umus.
965 3376 968 3381 “

11 3481 15 3505 :
81 3451 109 3495 de
118 3439 236 3506 imperitis,
253 3452 277 3497 et
286 3444 445 3502 quodammodo
460 3443 488 3488 de
499 3438 582 3499 officio,
594 3440 650 3509 ad·

81 3521 166 3561 mnes·
228 3536 240 3565 Ι
