2754 4914
91 210 97 217 ’
131 237 196 296 no
577 216 821 315 satnusrii
861 222 887 308 j

130 359 183 442 qui
197 377 205 418 z
235 365 365 436 tempus,
380 357 466 416 aut*
484 351 589 416 locum
604 374 713 438 pugnae
727 374 858 436 quaerere
875 374 883 419 ε
914 353 973 439 qud
986 367 1138 423 venturum
1153 353 1266 423 hollern

132 443 277 525 audierat,
288 439 427 523 pabulum
439 455 468 500 et
478 460 624 522 aquarum
635 443 743 514 sontes,
755 458 884 522 quorum
893 445 1017 522 penuria
1028 460 1099 523 erat,
1107 454 1120 481 ²
1131 466 1268 507 corrum-

130 549 216 612 pere:
233 518 324 589 r'iiodb
339 528 366 589 se
383 523 522 598 Metello,
538 527 685 588 interdurn
700 523 803 590 Mario
817 526 983 591 ostendere:
999 529 1158 612 postremos
1169 532 1200 592 in
1210 551 1266 612 ag-

131 616 214 677 mine
229 625 351 688 tentare,
367 631 402 671 ac
418 610 513 675 statim
531 612 561 672 in
577 610 666 672 colles
682 611 809 694 regredi:
827 612 920 687 rursus
935 612 1012 691 aliis,
1029 615 1091 696 post
1106 615 1168 677 aliis
1178 617 1267 676 mini·

129 701 184 762 tari
202 720 210 761 t
234 698 329 780 neque
344 696 481 778 proelium
497 697 603 772 facere,
618 717 713 779 neque
727 698 821 777 otium
835 697 892 779 pati
907 719 914 756 :
931 701 1141 764 tantummodo
1155 700 1267 762 hostem

130 786 168 847 ab
184 785 303 865 incepto
319 784 473 844 bretinere.
518 782 673 844 Romanus
685 783 841 863 imperator
856 782 904 844 ubi
911 784 942 845 se
956 783 1032 847 dolis
1046 787 1162 870 fatigari
1178 786 1268 863 videt,

120 870 227 953 'neque
242 871 278 931 ab
290 868 370 930 hoste
386 869 501 948 copiam
511 868 659 950 pugnandi
671 862 754 940 fieri;
770 867 871 931 urbem
881 889 1030 952 magnam,
1045 886 1076 932 et
1086 871 1117 932 in
1128 873 1163 932 esa
1173 888 1269 949 parte,

128 959 190 1040 quii
205 953 257 1016 sita
271 969 342 1029 erat,
358 975 454 1014 arcem
469 954 565 1036 regni,
580 954 700 1015 nomine
714 964 725 991 ⁶
740 953 883 1029 Zamam,
896 953 996 1016 statuit
1008 976 1196 1040 oppugnare:
1215 977 1267 1017 ra-

128 1056 178 1104 tus
192 1043 220 1102 id
228 1042 317 1123 quod
334 1039 486 1122 negotium
509 1038 655 1118 poscebat,
670 1037 848 1120 Jugurtham
863 1038 1058 1103 laborantibus
1077 1042 1132 1103 suis
1148 1039 1265 1104 auxilio

128 1141 300 1200 venturum,
312 1126 412 1205 ibique
420 1118 559 1204 proeliuiii
572 1125 643 1186 sore.
668 1125 710 1184 At
720 1123 778 1199 ille,
793 1147 862 1206 quae
873 1123 1219 1208 parabantur,apersugis
1229 1148 1264 1187 e·
1328 1120 1335 1131 “

128 1212 273 1286 dusius,d
290 1208 405 1291 magnis
419 1209 572 1271 itineribus
588 1208 747 1271 Metellum
769 1212 937 1273 antevenit:
960 1212 1117 1294 oppidanos
1131 1211 1265 1293 hortatur

128 1295 423 1371 moeniadesendant,
438 1295 540 1356 additis
552 1295 663 1356 auxilio
673 1295 822 1381 perfugis:
838 1297 917 1378 quod
931 1318 1025 1380 genus
1033 1319 1070 1359 ex
1083 1298 1174 1378 copiis
1188 1299 1266 1380 regis

128 1386 202 1465 quia
212 1381 310 1444 saliere
323 1381 497 1463 ‘nequibas
513 1379 705 1444 firmissimum
720 1391 790 1442 erat.
813 1378 958 1444 Piaetered
969 1383 1134 1464 pollicetur,
1147 1383 1178 1444 in
1189 1397 1266 1445 tem-

128 1489 201 1551 pore
217 1468 307 1530 semet
320 1487 390 1527 cum
405 1469 536 1529 exercitu
551 1464 652 1527 affore.
698 1464 745 1528 Ita
760 1467 928 1546 compositis
941 1469 1039 1543 rebus,
1051 1470 1082 1532 iii
1095 1468 1160 1531 loca
1175 1467 1268 1551 quim

42 1572 44 1579 ·
127 1551 261 1616 maxime
271 1553 389 1614 occulta
399 1552 536 1628 discedit;
553 1573 589 1612 ac
600 1550 687 1631 paulb
698 1548 761 1631 post
773 1553 937 1634 cognoscit,
947 1552 1084 1617 Marium
1098 1554 1268 1617 fexitinere

124 1640 343 1714 ¹frumentatum
355 1660 425 1700 cuin
438 1639 538 1718 paucis
547 1638 742 1699 cohortibusg
755 1636 871 1698 Siccam
880 1637 998 1699 missum
1011 1660 1019 1702 ε
1035 1640 1115 1720 quod
1127 1641 1269 1719 oppidum

129 1725 261 1806 primum
275 1725 425 1798 omnium,
436 1722 500 1802 post
514 1721 619 1783 malam
633 1743 761 1806 pugnam
774 1723 809 1783 ab
821 1743 888 1805 rege
896 1722 1051 1784 defecerat.
1076 1724 1123 1785 Εὸ
1135 1744 1203 1784 cuni
1214 1725 1267 1786 de-

124 1809 216 1874 lestis
230 1810 376 1892 equitibus
388 1808 481 1870 nodia
496 1810 599 1890 pergit,
612 1811 710 1893 etjam
726 1808 938 1890 egredientibus
953 1805 1126 1870 Romanish
1141 1807 1172 1868 in
1183 1811 1268 1888 portai

130 1917 261 1981 pugnam
277 1894 350 1956 sacit
361 1896 377 1956 ε’
392 1892 474 1956 simul
491 1895 599 1976 magni
614 1915 687 1956 voce
701 1893 846 1956 Siccenses
861 1893 1005 1966 hortatur,
1020 1890 1064 1956 uti
1079 1893 1215 1956 cohortes
1230 1896 1266 1955 ab

113 2050 116 2068 Ι
131 1997 216 2063 tergo
232 1981 482 2042 circumveniantt
499 1980 646 2041 fortunam
660 1978 716 2044 illis
732 1978 862 2059 praeclari
876 1977 1013 2043 facinoris
1028 1979 1128 2041 casum
1143 1978 1230 2041 dare:
1246 1979 1269 2043 si

129 2067 160 2128 id
175 2065 307 2138 fecerint,
322 2064 421 2144 postea
440 2065 496 2126 sese
512 2064 541 2125 in
556 2084 661 2144 regno,
681 2063 746 2126 illos
756 2065 792 2126 'iii
807 2065 952 2140 libertate,
970 2059 1032 2126 fine
1047 2080 1129 2127 metu
1149 2079 1270 2127 aetatem

93 2178 105 2223 ·.
130 2151 248 2213 adiuros
263 2170 271 2215 τ
288 2150 366 2227 acini
380 2148 499 2211 Marius
509 2147 589 2232 signa
606 2153 616 2179 ¹
628 2148 745 2225 inferre,
758 2164 847 2230 atque
860 2151 981 2211 evadere
994 2150 1101 2231 oppido
1117 2150 1271 2231 ipropera-

131 2234 225 2311 vilset,
238 2233 369 2316 profecto
381 2235 490 2306 cundli,
502 2250 555 2297 aut
566 2254 673 2315 magna
683 2254 747 2313 pars
760 2233 954 2310 Siccensium,
965 2234 1053 2296 fidem
1066 2232 1269 2299 mutavissent:
1320 2264 1322 2269 ’

112 2336 119 2346 ’
132 2325 217 2383 tantai
228 2319 390 2380 mobilitate
400 2318 455 2381 sese
467 2318 610 2380 Numidae
620 2332 735 2401 gerunt.
759 2317 814 2378 Sed
828 2320 935 2380 milites
946 2317 1118 2401 Jugurthini
1131 2317 1271 2398 paulisper
1362 2382 1367 2393 ,

132 2407 170 2467 ab
185 2426 253 2488 rege
267 2403 426 2480 sustentati,
447 2403 601 2485 postquam
617 2402 772 2487 majorevi
793 2401 887 2465 hostes
906 2418 1022 2484 urgent,
1045 2405 1145 2483 paucis
1163 2405 1271 2465 amisiis

132 2491 250 2573 profugi
260 2489 419 2571 discedunt.
442 2488 557 2551 Marius
566 2488 601 2550 ad
612 2487 743 2550 Zamam
756 2488 897 2569 pervenit.
913 2485 947 2548 ld
957 2488 1111 2569 oppidum,
1123 2490 1153 2549 in
1164 2508 1271 2568 campo

132 2577 233 2661 situm,
249 2575 345 2660 magis
360 2577 372 2613 ¹³
388 2596 485 2658 opere,
499 2575 587 2660 quam
603 2575 707 2638 naturai
721 2575 867 2637 munitum
882 2588 964 2651 erat,
981 2572 1088 2637 nullius
1102 2575 1216 2637 idoneae
1230 2574 1272 2638 rei

542 2784 854 2833 INTERPRETATIO·

180 2914 190 2940 ¹
214 2910 257 2972 Et
281 2907 335 2992 n'ss
346 2886 469 2971 Marius
484 2910 689 2992 properaviffet
714 2934 828 2991 magna
839 2927 911 2999 pars
924 2910 1275 2999 Siccerfiumfidemmuta-

137 2995 246 3082 inferre
247 2997 333 3080 figura
343 2998 373 3057 iri
384 2996 508 3069 hostem,
522 3005 605 3072 utque
617 3016 688 3071 εω-
727 2995 840 3079 vifflnt.

135 3083 201 3145 dere
226 3081 333 3166 oppida,
353 3078 486 3166 praefisld
508 3077 612 3154 canai,
636 3091 689 3139 aut

594 3213 596 3218 ’
641 3242 769 3300 uorAE.

150 3387 151 3391 =
164 3364 182 3397 ⁸
194 3361 291 3428 Locum]
309 3364 475 3426 Opportunum,
491 3360 598 3422 intellige.
723 3363 782 3412 avoir
792 3361 882 3410 detacbe‘
889 3363 977 3411 Marius
986 3365 1078 3428 pendant
1088 3367 1109 3414 la
1121 3368 1210 3416 marche.

164 3429 339 3491 *corrumpam
356 3431 461 3485 Veneno,
479 3429 569 3475 scilicet.
757 3438 770 3476 ss
791 3427 897 3494 Siccam]
931 3432 1030 3479 Vocatur
1048 3444 1069 3479 et
1089 3436 1151 3480 Sicca
1172 3431 1276 3489 Veneria,

166 3489 310 3555 biterrim]
327 3495 361 3538 Ut
371 3504 458 3552 tempus
473 3492 619 3550 lucrifaceret,
637 3509 687 3542 ino·
726 3504 764 3540 aut
772 3495 886 3552 Venerei,
895 3497 950 3543 item
961 3497 1056 3544 Veneria
1069 3497 1203 3558 simpliciter.
1221 3501 1277 3543 Pro·

132 3553 198 3617 rique
210 3557 296 3602 Metelli
306 3558 427 3604 exercitum
440 3559 566 3604 conficeret.
726 3559 772 3620 pior
782 3559 813 3604 est
823 3560 980 3619 Carthaginem
992 3560 1057 3624 quaint
1070 3563 1149 3607 Zama.

165 3629 177 3655 θ
197 3620 314 3684 Zamam]
333 3624 356 3667 A
376 3621 508 3680 Carthagine
525 3622 622 3684 quinque
641 3625 687 3669 die·
758 3622 812 3669 hIu
820 3623 906 3688 poris]
925 3625 993 3670 Siccae
1006 3626 1063 3670 urbis
1075 3625 1163 3675 scilicet.
1237 3664 1241 3677 ,

134 3700 185 3730 rum
195 3686 282 3741 itinere,
291 3685 367 3733 versiis
377 3685 524 3744 occidentem,
535 3685 629 3735 diffiteri
640 3705 687 3736 eain
758 3684 768 3722 ¹
786 3688 963 3754 Prvperavffr.]
981 3688 1104 3734 Nimirum·
1116 3687 1201 3732 Marius
1217 3683 1278 3743 inju-

134 3749 199 3798 fuisse
211 3750 294 3798 volunt.
727 3751 767 3799 riae
779 3764 912 3814 opportunus
924 3751 1005 3806 suisset,
1015 3752 1030 3795 si
1041 3751 1063 3796 iri
1075 3751 1127 3809 urbe
1138 3749 1277 3805 remansisset,

166 3813 179 3851 d
199 3814 318 3880 Magnis-J
328 3858 331 3873 ,
343 3815 411 3875 Gall.·
425 3813 528 3873 dicimus,
555 3816 582 3862 A
598 3817 688 3880 grandes
727 3815 765 3863 ubi
777 3817 812 3862 rel
822 3817 923 3881 mulieres
935 3818 961 3861 de
973 3813 1070 3861 fenestris
1090 3816 1191 3874 proelium
1208 3815 1278 3858 faeere

128 3876 232 3940 joarne‘es.
727 3880 862 3942 potuissent:
880 3878 966 3933 verbm,
983 3878 1035 3924 ciam
1047 3879 1146 3940 oppidani
1160 3877 1280 3924 rebellandi

84 3998 88 4003 .
166 3942 320 4008 eNequibar]
337 3946 391 3991 Non
403 3944 512 4006 equidem,
529 3943 609 4003 livere
619 3944 689 3991 trans·
728 3946 864 3993 occasionem
877 3960 926 3993 non
944 3945 1057 4000 haberent,
1075 3946 1098 3990 iri
1118 3944 1170 3989 side*
1181 3943 1281 4003 perstite-

73 4002 82 4010 ”
126 4009 197 4068 ,sagae
216 4011 314 4070 suerint,
332 4010 381 4070 quia
398 4012 424 4056 ab
444 4010 470 4057 iis
489 4007 548 4055 certd
568 4010 689 4068 puniuntur
717 4019 790 4070 ¹runt.
844 4052 847 4057 ,
1331 4053 1336 4063 ,

39 4060 44 4099 ¹·
133 4089 188 4132 quos
199 4076 350 4130 deseruerunt,
368 4074 418 4121 siin
430 4089 507 4121 manus
526 4075 637 4129 venerim,
654 4075 689 4120 iii·
760 4072 877 4138 Κορῆ]
894 4073 954 4119 Gall.
970 4072 1102 4131 diceremus,
1119 4072 1168 4119 Elle
1179 4071 1225 4118 e'roit
1232 4071 1283 4136 plur

133 4138 197 4182 terim
210 4139 274 4184 caute
285 4156 337 4186 cuni
347 4139 382 4187 his
393 4141 531 4186 versandum·
722 4138 783 4202 fiere
821 4156 833 4185 r
843 4138 871 4185 les
881 4140 979 4189 tranauit
996 4142 1058 4204 qv'oii
1064 4154 1081 4203 γ
1093 4137 1232 4205 'evvirseirn
1242 4151 1283 4204 que

164 4197 233 4249 fax
251 4205 343 4271 itinera]
377 4206 438 4257 Gall.
459 4206 592 4265 diceremus,
619 4204 690 4270 Q'nr
724 4149 909 4271 parsnoaffime·
962 4266 964 4271 Ι
