2754 4914
78 363 272 437 dimissurum.
320 363 363 428 bt
377 362 426 427 ille
439 362 476 427 eb
490 360 634 444 processit,
652 361 696 426 uti
713 364 783 426 nihil
798 362 969 449 gloriosum,
992 363 1045 428 nili
1061 377 1171 444 tutum,
1188 361 1219 430 el

79 458 182 520 'omnia
197 465 209 494 ²
226 452 384 515 retinendae
397 450 606 513 dominationis
622 449 913 524 horresta‚'existimet.
937 449 1043 535 ltaque
1058 451 1107 513 ille
1121 456 1218 535 quiec,

77 556 109 612 et
123 543 219 604 otium
235 538 546 617 continuaeque
563 536 648 597 multi
665 536 749 615 probi
768 531 878 617 potitis,
893 536 983 617 quim
998 536 1128 621 laborem
1145 561 1216 601 cum

79 626 254 699 honoribus,
270 620 462 703 capessebant,
479 622 559 683 nulla
574 622 646 682 sunt.
694 617 761 681 ilde
776 620 946 701 tempestate
960 622 1151 699 serviendum,
1167 635 1219 687 aut

79 710 330 790 imperitandum:
354 707 501 768 habendus
517 714 611 767 nictus
624 704 677 782 est,
694 722 745 767 aut
760 706 926 779 faciundas,
943 706 1087 784 Quirites⁰
1133 708 1218 772 Nam

81 797 154 877 quid
172 794 266 856 ultra?
280 793 531 871 Quaevcbumana
543 793 689 871 superant,
701 808 753 853 aut
763 792 863 853 divina
879 793 1031 871 impolluta
1048 795 1133 856 sunt?
1157 793 1218 856 Po-

80 881 165 963 pulus
183 881 343 950 Romanust
357 877 443 958 paulo
458 877 526 938 ante
542 878 675 958 gentium
686 878 869 951 moderator,
880 894 987 938 exutus
1004 874 1139 958 imperio,
1152 879 1219 963 glo.

80 968 136 1039 rid,
153 988 165 1048 J
172 987 232 1039 ute,
249 964 379 1046 agitandi
395 964 493 1043 inope,
508 963 724 1043 despeciusque,
738 984 775 1024 ne
790 962 803 1000 ¹²
818 962 929 1024 servilia
945 964 1064 1044 quidem
1079 963 1219 1031 alimenta

79 1051 191 1131 reliqua
206 1051 303 1111 habet.
351 1047 509 1109 Sociorum
524 1062 554 1109 et
570 1045 649 1107 Latii
671 1069 780 1130 magna
799 1049 853 1123 vis,
877 1048 995 1110 civitate
1009 1071 1061 1126 pro
1077 1050 1176 1111 multis
1190 1066 1221 1120 et

80 1136 205 1220 egregiis
221 1132 344 1208 lactina
360 1134 443 1195 vobis
458 1133 536 1205 dati,
546 1155 596 1213 per
609 1155 708 1203 unum¹
717 1133 907 1210 probibentur
919 1160 928 1208 ;
940 1149 969 1195 et
1004 1134 1075 1195 lebi's
1090 1137 1220 1199 innoxiae

78 1222 186 1303 patrias
201 1221 278 1280 sedes
294 1217 477 1298 occupavere
494 1220 579 1296 pauci
596 1217 740 1293 satellites,
755 1219 921 1281 mercedem
938 1155 1102 1295 scelbtum3
1119 1221 1220 1303 legesa

77 1306 200 1391 judicia,
225 1307 375 1378 marium,
399 1305 569 1383 provinciae,
592 1323 684 1384 teger,
701 1301 915 1383 peneslunum:
938 1305 1064 1385 denique
1079 1306 1160 1367 necis
1176 1308 1222 1369 ci·
1289 1310 1292 1317 '

81 1388 178 1465 itiu'm,
193 1408 223 1452 et
238 1403 249 1428 ⁶
264 1391 335 1450 vitae
350 1387 477 1450 licentia.
507 1389 598 1449 Simul
614 1385 757 1451 humanas
772 1387 878 1450 hostias
894 1389 1015 1464 vidistis,
1031 1389 1224 1469 etsepulchre

81 1475 191 1538 infecia
206 1476 343 1558 sanguine
358 1474 458 1553 civili..
492 1472 583 1535 Estne
599 1475 666 1535 viris
682 1474 787 1556 reliqui
804 1473 897 1548 aliud„
909 1473 1000 1554 quim
1017 1475 1125 1543 solvere
1142 1481 1224 1563 inju.

82 1563 171 1635 riam,
182 1575 234 1625 aut
246 1563 320 1623 mori
334 1557 553 1642 pertinetem?
572 1559 724 1642 Qtoniam
737 1560 854 1641 quidem
869 1576 959 1627 ultum
978 1562 1116 1622 omnibus
1133 1562 1224 1626 slnem

83 1648 201 1720 staturi,
215 1646 258 1706 vel
271 1646 475 1725 ferro,·coeptit
488 1642 586 1706 statuit
598 1672 607 1719 i
625 1666 720 1727 neque
734 1646 888 1727 quisquam
905 1645 917 1685 ⁶
933 1646 1093 1707 extremam
1105 1651 1225 1711 necessr-¹

84 1749 174 1797 tatem
191 1730 262 1793 nihil
277 1733 375 1804 ausus,
388 1731 440 1792 nist
456 1730 588 1792 muliebri
606 1731 900 1812 ingenimexspedlat.
927 1730 1114 1814 Verdmego
1129 1733 1226 1795 sediti·
1297 1758 1299 1765 ·

80 1818 161 1892 osus,
174 1819 218 1879 uti
230 1816 310 1880 Sulla
323 1817 375 1891 ait,
385 1816 436 1897 qui
451 1817 570 1897 praemia
586 1816 767 1878 turbarum'⁶
783 1837 910 1897 queror;
924 1823 954 1877 et
966 1817 1075 1878 bellum
1091 1820 1226 1898 cupiens,

83 1904 232 1986 quiajuta
246 1904 326 1983 pacis
343 1917 450 1982 repeto.
475 1900 691 1983 Scilicet‚'quia
707 1923 766 1964 non
782 1903 865 1962 aliter
880 1900 960 1976 salvi,
972 1902 1091 1980 satisque
1107 1905 1174 1979 tuti,
1190 1905 1225 1967 in

82 1988 209 2069 imperio
223 1991 324 2061 eritisr
348 1986 400 2049 nist
416 1985 536 2050 Vettius
554 1987 672 2062 Picens,
691 1984 706 2042 s
722 1986 813 2048 scriba
829 1984 999 2059 Cornelius,
1020 1988 1126 2067 aliena,
1149 1986 1231 2050 bene'

87 2088 200 2155 parata,
212 2073 399 2154 prodegerint
411 2094 418 2133 ι
434 2072 485 2134 nist
498 2072 726 2155 approbaveritis
737 2093 839 2137 omnes
855 2073 1076 2153 proscriptiones
1088 2076 1229 2137 innoxio·

83 2166 191 2232 rum,g
205 2159 244 2219 ob
259 2159 374 2222 divitias
387 2184 396 2231 3
413 2158 561 2221 cruciatus
578 2160 708 2220 virorum
726 2157 900 2235 illustrium3
916 2157 1027 2221 vastam
1045 2160 1145 2220 urbem
1158 2160 1230 2243 fugai

83 2257 117 2309 ct
136 2244 287 2318 caedibus;
313 2245 393 2313 bona
418 2244 531 2306 civium
551 2245 735 2319 miserorum,
757 2241 837 2324 quast
853 2243 863 2278 l
881 2243 1067 2306 Cimbricam
1089 2245 1228 2324 praedam5

87 2332 211 2406 venum,
226 2345 277 2393 aut
291 2328 371 2392 dono
386 2324 497 2394 datam.
524 2317 566 2392 rit
580 2328 709 2413 objectat
723 2329 796 2391 mibi
812 2325 993 2419 poiselitones
1007 2352 1044 2392 ex
1058 2330 1144 2394 bonis
1159 2352 1230 2411 pro·
1268 2359 1271 2367 ¹

1163 234 1237 340 161ο

578 2678 582 2683 ,
596 2604 725 2674 norm.

122 2773 292 2847 sslietinendae]
310 2787 334 2832 ld
347 2785 386 2841 eil,
399 2782 430 2831 ad
440 2781 572 2840 retinendam,
584 2773 641 2829 Sub·
680 2776 703 2829 iri
720 2799 741 2829 en
752 2778 806 2844 stnn'
820 2782 845 2830 ut
862 2781 948 2848 querar,
966 2776 1021 2847 pald
1033 2782 1126 2848 prensa
1143 2766 1232 2837 aniebac

87 2850 230 2911 intelligitur,
247 2851 320 2897 causti.

122 2917 136 2954 b
155 2915 270 2978 Servitia]
299 2913 423 2978 Qinorutn
442 2911 548 2959 frumenti
571 2912 643 2960 modi-

89 2997 153 3029 orum
173 2981 236 3026 fuisse
253 2979 318 3026 eain
335 2977 431 3036 sauguine
450 2977 533 3024 menses
549 2994 576 3024 ex
595 2978 644 3024 Do-

88 3057 151 3102 nato,
176 3047 200 3090 ad
224 3043 325 3090 Terentii
354 3041 509 3090 Phormionem
531 3042 643 3103 discimus·

56 3102 64 3110 ’
90 3109 202 3156 Caetenlm
214 3109 267 3155 binc
279 3104 331 3154 licet
341 3108 459 3168 conjicere,
468 3107 546 3168 aliquid
558 3107 642 3153 in'sru-

90 3176 160 3223 menti
172 3173 320 3219 distributione
331 3171 343 3216 ὲ
355 3172 413 3232 Sylli
426 3181 537 3218 mutatum
549 3172 619 3221 fuisset

124 3239 200 3283 cVita
210 3235 315 3299 licenrim]
335 3238 409 3283 Nemo
424 3236 495 3292 enim,
513 3238 552 3281 illo
564 3238 642 3292 iovite)

89 3316 133 3350 nee
145 3302 209 3357 bona,
227 3318 268 3346 nec
279 3300 377 3363 patriam,
395 3315 435 3346 nee
453 3301 530 3359 vitam,
548 3299 642 3347 retinete

90 3375 185 3427 poterat,
204 3375 228 3409 ut
238 3366 327 3411 testatur
338 3365 423 3419 Cicero.

123 3425 293 3489 “Extremam
312 3426 412 3472 Mortem.

123 3501 136 3530 e
149 3491 264 3556 Qun}
274 3492 399 3540 Gronovius
419 3489 534 3548 legendum
546 3489 589 3537 esse
600 3505 643 3549 pu·

55 3552 58 3557 ’
91 3566 124 3604 tat
141 3570 230 3620 quar03
247 3567 269 3602 at
284 3570 335 3614 pace
352 3553 406 3602 tanti
425 3553 465 3600 tiri
483 3554 538 3600 nihil
555 3568 643 3601 mutau-

682 2850 704 2895 tir
707 2846 806 2912 seditiosos
816 2847 890 2895 collata
894 2850 991 2913 suerinc.

713 2909 832 2978 seinaim]
850 2914 885 2959 ita
903 2915 971 2960 vocati
992 2915 1042 2960 sunt
1058 2915 1094 2974 qui
1112 2915 1134 2962 in
1149 2914 1233 2962 tabulas

681 2978 774 3024 'tationes
796 2978 892 3038 publicas
921 2979 1027 3026 referunt.
1060 2979 1160 3043 Qorum
1182 2980 1233 3040 qui·

681 3044 731 3089 de‘m
743 3044 793 3088 ordo
803 3041 905 3089 honestus
917 3055 970 3097 erat,
988 3046 1045 3104 quod
1065 3061 1141 3090 eorum
1160 3044 1234 3090 homi·

682 3122 737 3154 num
749 3104 800 3154 fidei
817 3108 897 3157 tabulae
914 3109 1016 3168 publicae,
1033 3109 1169 3170 periculaque
1186 3123 1234 3153 ma-

681 3170 812 3233 gistratuum
829 3172 1006 3228 committuntutj
1024 3183 1048 3221 tit
1059 3173 1090 3218 ait
1103 3173 1194 3218 Cicerot
1214 3179 1236 3219 at

681 3234 781 3282 officium
800 3236 971 3291 mercenarium,
987 3252 1028 3282 nec
1045 3237 1118 3295 magni
1135 3237 1234 3285 testima-

683 3300 713 3344 nli
733 3312 770 3344 aut
787 3299 866 3360 pretist
884 3297 900 3345 si
921 3302 989 3346 Alex.
1008 3303 1160 3361 Neapolitanoj
1177 3300 1236 3346 aliis·

681 3378 724 3422 que
737 3367 830 3409 undeet
842 3362 896 3409 istud
909 3363 979 3422 colligi
992 3369 1069 3424 potest,
1088 3362 1141 3410 lide's
1155 3366 1185 3411 est
1196 3365 1236 3409 ada
1269 3372 1272 3377 ’

682 3427 785 3475 bibenda.
817 3427 862 3473 Hic
874 3426 926 3474 verb
941 3430 1056 3476 Cornelius
1067 3442 1089 3474 et
1101 3429 1190 3476 Vettius
1206 3443 1235 3477 ex

683 3503 710 3536 eo
722 3499 815 3537 numero
827 3490 924 3547 fuerunt,
942 3495 979 3554 qui
992 3497 1047 3540 maio
1058 3495 1143 3555 publico
1159 3509 1235 3541 crete-

683 3567 741 3609 ram,
760 3554 856 3600 satellites
876 3555 942 3616 Sylite
960 3559 1078 3618 tyrannidis
1089 3568 1110 3604 et
1122 3560 1237 3607 erudelita-

91 3628 147 3686 dum
167 3622 261 3677 censeo;
279 3621 331 3680 quin
350 3619 438 3666 sensum
454 3619 579 3678 meliorem,
596 3634 644 3665 rna·
683 3619 719 3675 tit,
736 3630 801 3679 atque
811 3617 864 3666 αὐτὸ
874 3619 972 3675 maximi
990 3623 1057 3680 exoli,
1075 3634 1099 3670 ut
1110 3625 1144 3671 vei
1155 3638 1182 3669 ex
1193 3622 1236 3669 hoe

91 3686 166 3747 gisque
177 3701 205 3730 ex
218 3685 292 3745 Lepidi
304 3685 487 3746 ingenim-querar
498 3683 584 3728 videtur
595 3683 645 3730 effi·
683 3685 731 3729 loeo
741 3694 841 3743 appareti¹
877 3700 880 3705 ·

91 3766 151 3797 tere.
185 3750 284 3795 Intendit
306 3751 368 3795 enim
394 3747 462 3807 Sylla
481 3746 646 3794 criminationes
717 3746 896 3812 tavidideina]
917 3749 979 3797 Dicit
996 3748 1082 3797 diuitias
1101 3747 1236 3796 causamsw

91 3816 205 3862 eomodo
229 3826 355 3875 proponere,
371 3823 395 3858 ut
417 3826 453 3872 per
475 3810 496 3857 se
518 3812 644 3870 diluatrtur;
684 3810 733 3865 isse,
752 3813 871 3860 utinnoxii
883 3826 968 3873 quoque
979 3815 1168 3875 proscriberentur.
1300 3816 1302 3823 ’

94 3881 152 3938 quod
172 3879 260 3938 quidem
278 3879 300 3924 in
320 3879 428 3937 posteriori
449 3874 585 3936 perspicuum
604 3877 646 3931 err,
718 3871 731 3913 h
755 3878 901 3942 Cimbricam]
929 3880 1015 3925 Cimbri
1046 3882 1121 3939 populi
1146 3879 1238 3931 fuerunt

96 3942 148 3988 crim
160 3940 221 3996 dicit,
240 3942 270 3988 Et
281 3941 353 3989 bn'lam
364 3945 454 4004 cupiens,
466 3942 576 4003 quiajam
586 3944 646 4002 pacis
686 3941 821 4005 Germaniae,
847 3945 908 4002 supra
927 3944 1033 3997 Seronea,
1058 3948 1083 3988 ad
1102 3944 1237 4002 Septentrio·

95 4017 170 4068 rrpeto.
202 4007 226 4051 st
238 4004 261 4051 in
273 4009 336 4067 puori
347 4020 385 4066 pro
394 4007 437 4070 qui,
448 4007 506 4067 legat
517 4007 577 4068 qaia,
596 4008 648 4052 nar‘rt
674 4019 749 4067 rtem,
764 4004 792 4053 in'
804 4005 919 4068 peninsuid
937 4009 964 4052 ab
975 4008 1024 4067 ipsit
1041 4007 1152 4054 Cimbrica
1170 4007 1238 4064 dieta.

87 4068 155 4130 saepe
172 4084 220 4115 eam
239 4069 285 4117 tim
303 4070 396 4127 obtinet,
412 4084 445 4116 ret
463 4070 505 4115 etit
520 4068 647 4116 ciariiiima.
687 4076 740 4130 quos
761 4072 787 4117 ab
809 4074 911 4118 extremis
940 4071 1019 4118 Garttae
1046 4071 1158 4131 profugos,
1185 4086 1239 4120 curn
1323 4103 1330 4112 ι

95 4131 242 4193 Ιιεμωοάὸ,
258 4133 388 4187 etridebisr
406 4132 494 4193 perinde
510 4134 569 4179 enim
582 4130 648 4180 effac
686 4132 813 4182 Tbeutonis
832 4144 856 4183 et
874 4136 1001 4195 Tigurinis,
1017 4133 1104 4184 Mariua
1124 4134 1262 4192 uotiffiw
1340 4194 1343 4199 ,

96 4197 360 4264 idiceretinepridyila
369 4196 516 4264 nesediripurn
522 4196 649 4260 vocantia
687 4200 817 4278 concident.
889 4248 892 4253 ,

664 4294 671 4307 ·
737 4260 767 4325 e
