<?xml version="1.0" encoding="UTF-8"?>
<!DOCTYPE html PUBLIC "-//W3C//DTD XHTML 1.0 Transitional//EN"
    "http://www.w3.org/TR/xhtml1/DTD/xhtml1-transitional.dtd">
<html xmlns="http://www.w3.org/1999/xhtml" xml:lang="en" lang="en">
 <head>
  <title>
</title>
<meta http-equiv="Content-Type" content="text/html;charset=utf-8" />
  <meta name='ocr-system' content='tesseract 3.04.00' />
  <meta name='ocr-capabilities' content='ocr_page ocr_carea ocr_par ocr_line ocrx_word'/>
</head>
<body>
  <div class='ocr_page' id='page_1' title='image "./csallustiicrisp00sallgoog_0010.png"; bbox 0 0 2754 4914; ppageno 0'>
   <div class='ocr_carea' id='block_1_1' title="bbox 549 526 675 593">
    <p class='ocr_par' dir='ltr' id='par_1_1' title="bbox 549 526 675 593">
     <span class='ocr_line' id='line_1_1' title="bbox 549 526 675 593; baseline 0.048 -7"><span class='ocrx_word' id='word_1_1' title='bbox 549 526 675 593; x_wconf 77' lang='grc' dir='ltr'>ΑΙ),</span> 
     </span>
    </p>
   </div>
   <div class='ocr_carea' id='block_1_2' title="bbox 156 826 1200 1109">
    <p class='ocr_par' dir='ltr' id='par_1_2' title="bbox 156 826 1337 1109">
     <span class='ocr_line' id='line_1_2' title="bbox 156 826 1200 1109; baseline 0 -67"><span class='ocrx_word' id='word_1_2' title='bbox 156 826 1200 1109; x_wconf 66' lang='lat' dir='ltr'>nuoronnmj</span> 
     </span>
    </p>
   </div>
   <div class='ocr_carea' id='block_1_3' title="bbox 10 1414 1274 4190">
    <p class='ocr_par' dir='ltr' id='par_1_3' title="bbox 10 1414 1274 4190">
     <span class='ocr_line' id='line_1_3' title="bbox 10 1414 1197 1536; baseline -0.007 -19"><span class='ocrx_word' id='word_1_3' title='bbox 10 1414 21 1499; x_wconf 51' lang='grc' dir='ltr'>ἶ</span> <span class='ocrx_word' id='word_1_4' title='bbox 48 1472 51 1478; x_wconf 95' lang='grc'><em>·</em></span> <span class='ocrx_word' id='word_1_5' title='bbox 142 1439 223 1516; x_wconf 87' lang='lat' dir='ltr'>UIS</span> <span class='ocrx_word' id='word_1_6' title='bbox 247 1438 346 1516; x_wconf 84' lang='lat' dir='ltr'>fuerit</span> <span class='ocrx_word' id='word_1_7' title='bbox 371 1438 505 1536; x_wconf 86' lang='lat' dir='ltr'>Crispus</span> <span class='ocrx_word' id='word_1_8' title='bbox 522 1436 702 1521; x_wconf 82' lang='lat' dir='ltr'>Sallustius,</span> <span class='ocrx_word' id='word_1_9' title='bbox 728 1438 909 1534; x_wconf 71' lang='lat' dir='ltr'>antequam</span> <span class='ocrx_word' id='word_1_10' title='bbox 937 1421 1000 1509; x_wconf 77' lang='lat' dir='ltr'>tihi</span> <span class='ocrx_word' id='word_1_11' title='bbox 1023 1437 1197 1523; x_wconf 79' lang='lat' dir='ltr'>sisteretur,</span> 
     </span>
     <span class='ocr_line' id='line_1_4' title="bbox 11 1531 1270 1632; baseline -0.004 -20"><span class='ocrx_word' id='word_1_12' title='bbox 11 1548 20 1575; x_wconf 82' lang='lat'>&#39;</span> <span class='ocrx_word' id='word_1_13' title='bbox 77 1622 80 1631; x_wconf 32' lang='grc' dir='ltr'>Ι</span> <span class='ocrx_word' id='word_1_14' title='bbox 172 1541 355 1613; x_wconf 88' lang='lat' dir='ltr'>monendus</span> <span class='ocrx_word' id='word_1_15' title='bbox 371 1541 463 1623; x_wconf 78' lang='lat' dir='ltr'>elles,</span> <span class='ocrx_word' id='word_1_16' title='bbox 481 1537 588 1610; x_wconf 88' lang='lat' dir='ltr'>amice</span> <span class='ocrx_word' id='word_1_17' title='bbox 603 1535 728 1608; x_wconf 68' lang='lat' dir='ltr'>ledor:</span> <span class='ocrx_word' id='word_1_18' title='bbox 749 1537 824 1626; x_wconf 51' lang='lat' dir='ltr'>Sed¹</span> <span class='ocrx_word' id='word_1_19' title='bbox 833 1535 914 1609; x_wconf 91' lang='lat' dir='ltr'>illud</span> <span class='ocrx_word' id='word_1_20' title='bbox 930 1536 1010 1632; x_wconf 83' lang='lat' dir='ltr'>quia</span> <span class='ocrx_word' id='word_1_21' title='bbox 1025 1536 1088 1608; x_wconf 90' lang='lat' dir='ltr'>viri</span> <span class='ocrx_word' id='word_1_22' title='bbox 1099 1531 1199 1631; x_wconf 86' lang='lat' dir='ltr'>juxta</span> <span class='ocrx_word' id='word_1_23' title='bbox 1267 1618 1270 1623; x_wconf 21' lang='lat'><strong>¹</strong></span> 
     </span>
     <span class='ocr_line' id='line_1_5' title="bbox 63 1632 1196 1732; baseline -0.005 -26.254"><span class='ocrx_word' id='word_1_24' title='bbox 63 1634 154 1709; x_wconf 72' lang='lat' dir='ltr'>docti</span> <span class='ocrx_word' id='word_1_25' title='bbox 175 1658 210 1710; x_wconf 89' lang='lat' dir='ltr'>ct</span> <span class='ocrx_word' id='word_1_26' title='bbox 226 1641 372 1725; x_wconf 76' lang='lat' dir='ltr'>celebres</span> <span class='ocrx_word' id='word_1_27' title='bbox 387 1637 525 1732; x_wconf 74' lang='lat' dir='ltr'>egregie</span> <span class='ocrx_word' id='word_1_28' title='bbox 541 1632 774 1731; x_wconf 76' lang='lat' dir='ltr'>praestiterunt,</span> <span class='ocrx_word' id='word_1_29' title='bbox 799 1632 1080 1730; x_wconf 85' lang='lat' dir='ltr'>supervacaneum</span> <span class='ocrx_word' id='word_1_30' title='bbox 1096 1634 1196 1706; x_wconf 81' lang='lat' dir='ltr'>duxi.-</span> 
     </span>
     <span class='ocr_line' id='line_1_6' title="bbox 19 1732 1200 1831; baseline -0.001 -25"><span class='ocrx_word' id='word_1_31' title='bbox 19 1780 34 1789; x_wconf 92' lang='lat'>--</span> <span class='ocrx_word' id='word_1_32' title='bbox 61 1734 135 1815; x_wconf 71' lang='lat' dir='ltr'>smus</span> <span class='ocrx_word' id='word_1_33' title='bbox 161 1760 280 1809; x_wconf 90' lang='lat' dir='ltr'>eorum</span> <span class='ocrx_word' id='word_1_34' title='bbox 310 1738 396 1807; x_wconf 74' lang='lat' dir='ltr'>bene</span> <span class='ocrx_word' id='word_1_35' title='bbox 423 1735 543 1829; x_wconf 88' lang='lat' dir='ltr'>scripta</span> <span class='ocrx_word' id='word_1_36' title='bbox 572 1754 777 1827; x_wconf 80' lang='lat' dir='ltr'>recoquere:</span> <span class='ocrx_word' id='word_1_37' title='bbox 805 1733 973 1831; x_wconf 75' lang='lat' dir='ltr'>Aderique</span> <span class='ocrx_word' id='word_1_38' title='bbox 1006 1758 1049 1805; x_wconf 83' lang='lat' dir='ltr'>ex</span> <span class='ocrx_word' id='word_1_39' title='bbox 1072 1732 1200 1822; x_wconf 77' lang='lat' dir='ltr'>illit,fi·</span> 
     </span>
     <span class='ocr_line' id='line_1_7' title="bbox 59 1826 1200 1928; baseline -0.004 -21"><span class='ocrx_word' id='word_1_40' title='bbox 59 1833 164 1919; x_wconf 87' lang='lat' dir='ltr'>lubet,</span> <span class='ocrx_word' id='word_1_41' title='bbox 188 1826 332 1906; x_wconf 65' lang='lat' dir='ltr'>audieris</span> <span class='ocrx_word' id='word_1_42' title='bbox 355 1832 456 1904; x_wconf 89' lang='lat' dir='ltr'>nostri</span> <span class='ocrx_word' id='word_1_43' title='bbox 471 1851 506 1901; x_wconf 91' lang='lat' dir='ltr'>et</span> <span class='ocrx_word' id='word_1_44' title='bbox 522 1830 627 1900; x_wconf 87' lang='lat' dir='ltr'>vitam</span> <span class='ocrx_word' id='word_1_45' title='bbox 645 1851 680 1901; x_wconf 92' lang='lat' dir='ltr'>et</span> <span class='ocrx_word' id='word_1_46' title='bbox 704 1854 816 1902; x_wconf 81' lang='lat' dir='ltr'>mores</span> <span class='ocrx_word' id='word_1_47' title='bbox 832 1831 1043 1928; x_wconf 83' lang='lat' dir='ltr'>cognoveris.</span> <span class='ocrx_word' id='word_1_48' title='bbox 1093 1831 1200 1904; x_wconf 90' lang='lat' dir='ltr'>Aliud</span> 
     </span>
     <span class='ocr_line' id='line_1_8' title="bbox 10 1926 1198 2027; baseline 0 -26"><span class='ocrx_word' id='word_1_49' title='bbox 10 1934 37 1987; x_wconf 66' lang='lat'>³²?</span> <span class='ocrx_word' id='word_1_50' title='bbox 56 1931 117 2016; x_wconf 76' lang='lat' dir='ltr'>est,</span> <span class='ocrx_word' id='word_1_51' title='bbox 143 1933 239 2027; x_wconf 90' lang='lat' dir='ltr'>quod</span> <span class='ocrx_word' id='word_1_52' title='bbox 255 1936 275 2000; x_wconf 74' lang='lat' dir='ltr'>a</span> <span class='ocrx_word' id='word_1_53' title='bbox 291 1929 387 2000; x_wconf 87' lang='lat' dir='ltr'>nobis</span> <span class='ocrx_word' id='word_1_54' title='bbox 398 1928 486 2023; x_wconf 87' lang='lat' dir='ltr'>jure,</span> <span class='ocrx_word' id='word_1_55' title='bbox 512 1926 702 2020; x_wconf 75' lang='lat' dir='ltr'>meritoque</span> <span class='ocrx_word' id='word_1_56' title='bbox 719 1953 761 1999; x_wconf 83' lang='lat' dir='ltr'>ex</span> <span class='ocrx_word' id='word_1_57' title='bbox 787 1928 875 2000; x_wconf 69' lang='lat' dir='ltr'>ethes</span> <span class='ocrx_word' id='word_1_58' title='bbox 885 1965 895 2012; x_wconf 74' lang='lat'>5</span> <span class='ocrx_word' id='word_1_59' title='bbox 920 1952 1115 2026; x_wconf 88' lang='lat' dir='ltr'>quemnam,</span> <span class='ocrx_word' id='word_1_60' title='bbox 1134 1928 1198 2001; x_wconf 86' lang='lat' dir='ltr'>sci-</span> 
     </span>
     <span class='ocr_line' id='line_1_9' title="bbox 36 1949 1215 2125; baseline -0.003 -23"><span class='ocrx_word' id='word_1_61' title='bbox 36 2028 151 2110; x_wconf 58' lang='lat' dir='ltr'>·,licetss</span> <span class='ocrx_word' id='word_1_62' title='bbox 176 2052 221 2097; x_wconf 84' lang='lat' dir='ltr'>ex</span> <span class='ocrx_word' id='word_1_63' title='bbox 236 2027 298 2097; x_wconf 69' lang='lat' dir='ltr'>hac</span> <span class='ocrx_word' id='word_1_64' title='bbox 314 2026 403 2096; x_wconf 68' lang='lat' dir='ltr'>nova</span> <span class='ocrx_word' id='word_1_65' title='bbox 420 2023 560 2095; x_wconf 84' lang='lat' dir='ltr'>Sallustii</span> <span class='ocrx_word' id='word_1_66' title='bbox 577 2024 736 2109; x_wconf 87' lang='lat' dir='ltr'>editione,</span> <span class='ocrx_word' id='word_1_67' title='bbox 762 1949 906 2098; x_wconf 61' lang='lat' dir='ltr'>iulium</span> <span class='ocrx_word' id='word_1_68' title='bbox 930 2050 1065 2123; x_wconf 87' lang='lat' dir='ltr'>carpere</span> <span class='ocrx_word' id='word_1_69' title='bbox 1087 2033 1215 2125; x_wconf 82' lang='lat' dir='ltr'>poffrs..</span> 
     </span>
     <span class='ocr_line' id='line_1_10' title="bbox 18 2112 1202 2220; baseline 0.001 -24"><span class='ocrx_word' id='word_1_70' title='bbox 18 2112 25 2127; x_wconf 63' lang='lat'>⁵</span> <span class='ocrx_word' id='word_1_71' title='bbox 52 2125 264 2207; x_wconf 78' lang='lat' dir='ltr'>institutum,</span> <span class='ocrx_word' id='word_1_72' title='bbox 290 2121 454 2217; x_wconf 65' lang='lat' dir='ltr'>totiulipue</span> <span class='ocrx_word' id='word_1_73' title='bbox 466 2119 578 2216; x_wconf 91' lang='lat' dir='ltr'>operis</span> <span class='ocrx_word' id='word_1_74' title='bbox 602 2121 918 2214; x_wconf 77' lang='lat' dir='ltr'>designationemsr</span> <span class='ocrx_word' id='word_1_75' title='bbox 948 2124 1087 2220; x_wconf 66' lang='lat' dir='ltr'>speeies,</span> <span class='ocrx_word' id='word_1_76' title='bbox 1116 2126 1202 2204; x_wconf 84' lang='lat' dir='ltr'>nihil</span> 
     </span>
     <span class='ocr_line' id='line_1_11' title="bbox 10 2217 1199 2318; baseline -0.001 -20"><span class='ocrx_word' id='word_1_77' title='bbox 10 2268 13 2281; x_wconf 79' lang='lat'>=</span> <span class='ocrx_word' id='word_1_78' title='bbox 56 2246 127 2299; x_wconf 77' lang='lat' dir='ltr'>oon</span> <span class='ocrx_word' id='word_1_79' title='bbox 157 2221 284 2318; x_wconf 81' lang='lat' dir='ltr'>sperare</span> <span class='ocrx_word' id='word_1_80' title='bbox 313 2220 457 2293; x_wconf 86' lang='lat' dir='ltr'>audeas:</span> <span class='ocrx_word' id='word_1_81' title='bbox 484 2221 590 2304; x_wconf 87' lang='lat' dir='ltr'>Nam,</span> <span class='ocrx_word' id='word_1_82' title='bbox 615 2221 709 2316; x_wconf 91' lang='lat' dir='ltr'>quod</span> <span class='ocrx_word' id='word_1_83' title='bbox 732 2221 808 2292; x_wconf 72' lang='lat' dir='ltr'>ante</span> <span class='ocrx_word' id='word_1_84' title='bbox 840 2221 954 2294; x_wconf 90' lang='lat' dir='ltr'>omnia</span> <span class='ocrx_word' id='word_1_85' title='bbox 978 2217 1147 2296; x_wconf 84' lang='lat' dir='ltr'>monitum</span> <span class='ocrx_word' id='word_1_86' title='bbox 1163 2243 1199 2298; x_wconf 83' lang='lat' dir='ltr'>te</span> 
     </span>
     <span class='ocr_line' id='line_1_12' title="bbox 13 2318 1198 2416; baseline 0.006 -29"><span class='ocrx_word' id='word_1_87' title='bbox 13 2382 16 2387; x_wconf 89' lang='lat'>.</span> <span class='ocrx_word' id='word_1_88' title='bbox 59 2322 228 2405; x_wconf 86' lang='lat' dir='ltr'>volumus,</span> <span class='ocrx_word' id='word_1_89' title='bbox 256 2345 322 2390; x_wconf 89' lang='lat' dir='ltr'>non</span> <span class='ocrx_word' id='word_1_90' title='bbox 339 2319 494 2391; x_wconf 64' lang='lat' dir='ltr'>instinctu</span> <span class='ocrx_word' id='word_1_91' title='bbox 510 2319 634 2404; x_wconf 91' lang='lat' dir='ltr'>nostro,</span> <span class='ocrx_word' id='word_1_92' title='bbox 662 2319 717 2390; x_wconf 86' lang='lat' dir='ltr'>sed</span> <span class='ocrx_word' id='word_1_93' title='bbox 743 2318 965 2416; x_wconf 80' lang='lat' dir='ltr'>sapientiffin&#39;ri</span> <span class='ocrx_word' id='word_1_94' title='bbox 981 2321 1075 2394; x_wconf 87' lang='lat' dir='ltr'>ducis</span> <span class='ocrx_word' id='word_1_95' title='bbox 1089 2325 1198 2403; x_wconf 84' lang='lat' dir='ltr'>Mon-</span> 
     </span>
     <span class='ocr_line' id='line_1_13' title="bbox 58 2416 1220 2516; baseline 0.002 -27"><span class='ocrx_word' id='word_1_96' title='bbox 58 2417 200 2503; x_wconf 85' lang='lat' dir='ltr'>tauserii,</span> <span class='ocrx_word' id='word_1_97' title='bbox 219 2416 415 2499; x_wconf 26' lang='lat' dir='ltr'>,serenissimi</span> <span class='ocrx_word' id='word_1_98' title='bbox 432 2417 597 2512; x_wconf 88' lang='lat' dir='ltr'>Delphini</span> <span class='ocrx_word' id='word_1_99' title='bbox 614 2418 834 2491; x_wconf 74' lang='lat' dir='ltr'>moderatoris</span> <span class='ocrx_word' id='word_1_100' title='bbox 856 2416 956 2514; x_wconf 84' lang='lat' dir='ltr'>juffu,</span> <span class='ocrx_word' id='word_1_101' title='bbox 981 2419 1220 2516; x_wconf 74' lang='lat' dir='ltr'>consilioque,</span> 
     </span>
     <span class='ocr_line' id='line_1_14' title="bbox 58 2514 1199 2613; baseline 0.002 -27"><span class='ocrx_word' id='word_1_102' title='bbox 58 2514 234 2610; x_wconf 60' lang='lat' dir='ltr'>eximium,</span> <span class='ocrx_word' id='word_1_103' title='bbox 261 2542 303 2588; x_wconf 91' lang='lat' dir='ltr'>eo</span> <span class='ocrx_word' id='word_1_104' title='bbox 319 2542 389 2613; x_wconf 89' lang='lat' dir='ltr'>quo</span> <span class='ocrx_word' id='word_1_105' title='bbox 405 2515 536 2589; x_wconf 85' lang='lat' dir='ltr'>videbis</span> <span class='ocrx_word' id='word_1_106' title='bbox 551 2538 681 2603; x_wconf 86' lang='lat' dir='ltr'>ornatu,</span> <span class='ocrx_word' id='word_1_107' title='bbox 707 2517 901 2590; x_wconf 86' lang='lat' dir='ltr'>historicum</span> <span class='ocrx_word' id='word_1_108' title='bbox 915 2517 976 2589; x_wconf 93' lang='lat' dir='ltr'>tibi</span> <span class='ocrx_word' id='word_1_109' title='bbox 989 2517 1199 2602; x_wconf 82' lang='lat' dir='ltr'>exhibemus,</span> 
     </span>
     <span class='ocr_line' id='line_1_15' title="bbox 62 2612 1199 2713; baseline 0.001 -28"><span class='ocrx_word' id='word_1_110' title='bbox 62 2612 134 2698; x_wconf 90' lang='lat' dir='ltr'>llle,</span> <span class='ocrx_word' id='word_1_111' title='bbox 158 2635 195 2686; x_wconf 92' lang='lat' dir='ltr'>ut</span> <span class='ocrx_word' id='word_1_112' title='bbox 223 2616 271 2686; x_wconf 89' lang='lat' dir='ltr'>est</span> <span class='ocrx_word' id='word_1_113' title='bbox 291 2617 386 2688; x_wconf 87' lang='lat' dir='ltr'>omni</span> <span class='ocrx_word' id='word_1_114' title='bbox 413 2617 634 2689; x_wconf 87' lang='lat' dir='ltr'>humanarum</span> <span class='ocrx_word' id='word_1_115' title='bbox 658 2615 828 2687; x_wconf 86' lang='lat' dir='ltr'>literarum</span> <span class='ocrx_word' id='word_1_116' title='bbox 846 2617 1012 2713; x_wconf 67' lang='lat' dir='ltr'>elegantia</span> <span class='ocrx_word' id='word_1_117' title='bbox 1035 2616 1199 2699; x_wconf 89' lang='lat' dir='ltr'>excultus,</span> 
     </span>
     <span class='ocr_line' id='line_1_16' title="bbox 63 2710 1201 2811; baseline 0.005 -32"><span class='ocrx_word' id='word_1_118' title='bbox 63 2710 122 2781; x_wconf 86' lang='lat' dir='ltr'>ubi</span> <span class='ocrx_word' id='word_1_119' title='bbox 131 2711 335 2785; x_wconf 85' lang='lat' dir='ltr'>instituendo</span> <span class='ocrx_word' id='word_1_120' title='bbox 352 2716 496 2811; x_wconf 87' lang='lat' dir='ltr'>principi</span> <span class='ocrx_word' id='word_1_121' title='bbox 512 2713 710 2808; x_wconf 85' lang='lat' dir='ltr'>praepofitus</span> <span class='ocrx_word' id='word_1_122' title='bbox 734 2714 791 2798; x_wconf 91' lang='lat' dir='ltr'>est,</span> <span class='ocrx_word' id='word_1_123' title='bbox 818 2714 975 2810; x_wconf 80' lang='lat' dir='ltr'>quonam</span> <span class='ocrx_word' id='word_1_124' title='bbox 992 2713 1201 2809; x_wconf 69' lang='lat' dir='ltr'>potissimum</span> 
     </span>
     <span class='ocr_line' id='line_1_17' title="bbox 62 2806 1202 2908; baseline 0.008 -31"><span class='ocrx_word' id='word_1_125' title='bbox 62 2809 170 2879; x_wconf 66' lang='lat' dir='ltr'>rnodo</span> <span class='ocrx_word' id='word_1_126' title='bbox 185 2811 301 2906; x_wconf 85' lang='lat' dir='ltr'>smguli</span> <span class='ocrx_word' id='word_1_127' title='bbox 328 2806 478 2882; x_wconf 71' lang='lat' dir='ltr'>auctores</span> <span class='ocrx_word' id='word_1_128' title='bbox 505 2809 613 2894; x_wconf 72' lang='lat' dir='ltr'>facile,</span> <span class='ocrx_word' id='word_1_129' title='bbox 638 2806 848 2908; x_wconf 86' lang='lat' dir='ltr'>feliciterque</span> <span class='ocrx_word' id='word_1_130' title='bbox 865 2813 1066 2908; x_wconf 85' lang='lat' dir='ltr'>legerentur,</span> <span class='ocrx_word' id='word_1_131' title='bbox 1092 2812 1202 2907; x_wconf 87' lang='lat' dir='ltr'>coepit</span> 
     </span>
     <span class='ocr_line' id='line_1_18' title="bbox 63 2906 1200 3006; baseline 0.004 -29"><span class='ocrx_word' id='word_1_132' title='bbox 63 2906 230 3001; x_wconf 81' lang='lat' dir='ltr'>¹·:ogitare:</span> <span class='ocrx_word' id='word_1_133' title='bbox 257 2934 334 3005; x_wconf 75' lang='lat' dir='ltr'>quae</span> <span class='ocrx_word' id='word_1_134' title='bbox 354 2911 465 2981; x_wconf 88' lang='lat' dir='ltr'>lucem</span> <span class='ocrx_word' id='word_1_135' title='bbox 483 2910 643 2981; x_wconf 86' lang='lat' dir='ltr'>adderent</span> <span class='ocrx_word' id='word_1_136' title='bbox 659 2911 844 3005; x_wconf 84' lang='lat' dir='ltr'>legentium</span> <span class='ocrx_word' id='word_1_137' title='bbox 871 2911 1012 2982; x_wconf 88' lang='lat' dir='ltr'>animis:</span> <span class='ocrx_word' id='word_1_138' title='bbox 1038 2934 1116 3006; x_wconf 87' lang='lat' dir='ltr'>quae</span> <span class='ocrx_word' id='word_1_139' title='bbox 1132 2911 1200 2982; x_wconf 86' lang='lat' dir='ltr'>im-</span> 
     </span>
     <span class='ocr_line' id='line_1_19' title="bbox 59 3004 1201 3104; baseline 0.01 -31"><span class='ocrx_word' id='word_1_140' title='bbox 59 3005 293 3100; x_wconf 84' lang='lat' dir='ltr'>pedimentum</span> <span class='ocrx_word' id='word_1_141' title='bbox 309 3004 488 3097; x_wconf 85' lang='lat' dir='ltr'>inferrent:</span> <span class='ocrx_word' id='word_1_142' title='bbox 515 3031 621 3102; x_wconf 83' lang='lat' dir='ltr'>eaque</span> <span class='ocrx_word' id='word_1_143' title='bbox 639 3007 753 3078; x_wconf 87' lang='lat' dir='ltr'>omnia</span> <span class='ocrx_word' id='word_1_144' title='bbox 771 3009 1019 3093; x_wconf 87' lang='lat' dir='ltr'>animadvertit,</span> <span class='ocrx_word' id='word_1_145' title='bbox 1036 3032 1115 3104; x_wconf 86' lang='lat' dir='ltr'>quae</span> <span class='ocrx_word' id='word_1_146' title='bbox 1132 3033 1201 3084; x_wconf 88' lang='lat' dir='ltr'>non</span> 
     </span>
     <span class='ocr_line' id='line_1_20' title="bbox 60 3104 1201 3205; baseline 0.004 -30"><span class='ocrx_word' id='word_1_147' title='bbox 60 3104 168 3177; x_wconf 76' lang='lat' dir='ltr'>nodo</span> <span class='ocrx_word' id='word_1_148' title='bbox 185 3104 372 3176; x_wconf 85' lang='lat' dir='ltr'>sereniffimi</span> <span class='ocrx_word' id='word_1_149' title='bbox 390 3105 565 3201; x_wconf 89' lang='lat' dir='ltr'>Delphini,</span> <span class='ocrx_word' id='word_1_150' title='bbox 590 3105 646 3175; x_wconf 86' lang='lat' dir='ltr'>sed</span> <span class='ocrx_word' id='word_1_151' title='bbox 670 3104 805 3201; x_wconf 84' lang='lat' dir='ltr'>publiea</span> <span class='ocrx_word' id='word_1_152' title='bbox 829 3106 933 3194; x_wconf 85' lang='lat' dir='ltr'>etiam</span> <span class='ocrx_word' id='word_1_153' title='bbox 953 3105 1059 3178; x_wconf 91' lang='lat' dir='ltr'>studia</span> <span class='ocrx_word' id='word_1_154' title='bbox 1081 3105 1201 3205; x_wconf 66' lang='lat' dir='ltr'>jurare</span> 
     </span>
     <span class='ocr_line' id='line_1_21' title="bbox 10 3202 1201 3301; baseline 0.005 -30"><span class='ocrx_word' id='word_1_155' title='bbox 10 3228 17 3285; x_wconf 73' lang='lat' dir='ltr'><strong><em>j</em></strong></span> <span class='ocrx_word' id='word_1_156' title='bbox 60 3202 199 3298; x_wconf 78' lang='lat' dir='ltr'>pollent.</span> <span class='ocrx_word' id='word_1_157' title='bbox 249 3207 340 3275; x_wconf 86' lang='lat' dir='ltr'>Duae</span> <span class='ocrx_word' id='word_1_158' title='bbox 356 3205 429 3274; x_wconf 86' lang='lat' dir='ltr'>lunt</span> <span class='ocrx_word' id='word_1_159' title='bbox 445 3206 479 3274; x_wconf 94' lang='lat' dir='ltr'>in</span> <span class='ocrx_word' id='word_1_160' title='bbox 496 3203 856 3298; x_wconf 72' lang='lat' dir='ltr'>legendis‘auctoribus</span> <span class='ocrx_word' id='word_1_161' title='bbox 872 3205 1098 3289; x_wconf 88' lang='lat' dir='ltr'>difficultates,</span> <span class='ocrx_word' id='word_1_162' title='bbox 1122 3229 1201 3301; x_wconf 83' lang='lat' dir='ltr'>quae</span> 
     </span>
     <span class='ocr_line' id='line_1_22' title="bbox 23 3299 1268 3396; baseline 0.005 -25"><span class='ocrx_word' id='word_1_163' title='bbox 23 3312 33 3365; x_wconf 92' lang='grc'>“.</span> <span class='ocrx_word' id='word_1_164' title='bbox 57 3299 284 3375; x_wconf 63' lang='lat' dir='ltr'>listinantibus</span> <span class='ocrx_word' id='word_1_165' title='bbox 301 3322 336 3371; x_wconf 91' lang='lat' dir='ltr'>et</span> <span class='ocrx_word' id='word_1_166' title='bbox 352 3303 462 3372; x_wconf 73' lang='lat' dir='ltr'>minias</span> <span class='ocrx_word' id='word_1_167' title='bbox 479 3301 667 3372; x_wconf 84' lang='lat' dir='ltr'>exercitatis</span> <span class='ocrx_word' id='word_1_168' title='bbox 693 3303 868 3396; x_wconf 79' lang='lat' dir='ltr'>negotium</span> <span class='ocrx_word' id='word_1_169' title='bbox 897 3299 1075 3374; x_wconf 74' lang='lat' dir='ltr'>faccilant:</span> <span class='ocrx_word' id='word_1_170' title='bbox 1102 3303 1202 3376; x_wconf 90' lang='lat' dir='ltr'>Prior</span> <span class='ocrx_word' id='word_1_171' title='bbox 1265 3372 1268 3377; x_wconf 89' lang='lat'>.</span> 
     </span>
     <span class='ocr_line' id='line_1_23' title="bbox 28 3396 1238 3497; baseline 0.007 -34"><span class='ocrx_word' id='word_1_172' title='bbox 28 3408 37 3457; x_wconf 71' lang='lat'>,³</span> <span class='ocrx_word' id='word_1_173' title='bbox 61 3424 95 3492; x_wconf 31' lang='grc' dir='ltr'>τε.</span> <span class='ocrx_word' id='word_1_174' title='bbox 109 3396 210 3483; x_wconf 85' lang='lat' dir='ltr'>idem,</span> <span class='ocrx_word' id='word_1_175' title='bbox 236 3403 340 3494; x_wconf 78' lang='lat' dir='ltr'>quam</span> <span class='ocrx_word' id='word_1_176' title='bbox 356 3396 436 3468; x_wconf 83' lang='lat' dir='ltr'>facit</span> <span class='ocrx_word' id='word_1_177' title='bbox 451 3398 517 3492; x_wconf 86' lang='lat' dir='ltr'>ipse</span> <span class='ocrx_word' id='word_1_178' title='bbox 534 3398 643 3470; x_wconf 88' lang='lat' dir='ltr'>sermo</span> <span class='ocrx_word' id='word_1_179' title='bbox 660 3418 695 3469; x_wconf 91' lang='lat' dir='ltr'>et</span> <span class='ocrx_word' id='word_1_180' title='bbox 715 3400 839 3481; x_wconf 66' lang='lat' dir='ltr'>didio,</span> <span class='ocrx_word' id='word_1_181' title='bbox 868 3399 922 3470; x_wconf 89' lang='lat' dir='ltr'>seu</span> <span class='ocrx_word' id='word_1_182' title='bbox 938 3424 1015 3497; x_wconf 83' lang='lat' dir='ltr'>quae</span> <span class='ocrx_word' id='word_1_183' title='bbox 1028 3425 1070 3472; x_wconf 86' lang='lat' dir='ltr'>ex</span> <span class='ocrx_word' id='word_1_184' title='bbox 1085 3398 1202 3496; x_wconf 78' lang='lat' dir='ltr'>linguai</span> <span class='ocrx_word' id='word_1_185' title='bbox 1234 3430 1238 3434; x_wconf 92' lang='lat'>·</span> 
     </span>
     <span class='ocr_line' id='line_1_24' title="bbox 57 3496 1199 3592; baseline 0.005 -27"><span class='ocrx_word' id='word_1_186' title='bbox 57 3526 90 3566; x_wconf 66' lang='lat' dir='ltr'>r..</span> <span class='ocrx_word' id='word_1_187' title='bbox 109 3496 268 3569; x_wconf 86' lang='lat' dir='ltr'>idiomate</span> <span class='ocrx_word' id='word_1_188' title='bbox 296 3497 424 3568; x_wconf 87' lang='lat' dir='ltr'>oritur:</span> <span class='ocrx_word' id='word_1_189' title='bbox 452 3497 529 3568; x_wconf 86' lang='lat' dir='ltr'>Alia</span> <span class='ocrx_word' id='word_1_190' title='bbox 545 3498 641 3580; x_wconf 78' lang='lat' dir='ltr'>vero,</span> <span class='ocrx_word' id='word_1_191' title='bbox 666 3520 742 3591; x_wconf 85' lang='lat' dir='ltr'>quae</span> <span class='ocrx_word' id='word_1_192' title='bbox 757 3501 863 3591; x_wconf 77' lang='lat' dir='ltr'>rehtu</span> <span class='ocrx_word' id='word_1_193' title='bbox 880 3499 955 3592; x_wconf 77' lang='lat' dir='ltr'>ipsis</span> <span class='ocrx_word' id='word_1_194' title='bbox 980 3498 1199 3582; x_wconf 79' lang='lat' dir='ltr'>adl&#39;cribitur3</span> 
     </span>
     <span class='ocr_line' id='line_1_25' title="bbox 57 3594 1268 3694; baseline 0.011 -31"><span class='ocrx_word' id='word_1_195' title='bbox 57 3620 78 3687; x_wconf 75' lang='lat' dir='ltr'>rj-</span> <span class='ocrx_word' id='word_1_196' title='bbox 99 3619 140 3664; x_wconf 87' lang='lat' dir='ltr'>:as</span> <span class='ocrx_word' id='word_1_197' title='bbox 165 3597 221 3666; x_wconf 88' lang='lat' dir='ltr'>vel</span> <span class='ocrx_word' id='word_1_198' title='bbox 246 3596 355 3666; x_wconf 72' lang='lat' dir='ltr'>obiter</span> <span class='ocrx_word' id='word_1_199' title='bbox 370 3595 428 3667; x_wconf 89' lang='lat' dir='ltr'>&#39;illi</span> <span class='ocrx_word' id='word_1_200' title='bbox 453 3594 486 3665; x_wconf 91' lang='lat' dir='ltr'>in</span> <span class='ocrx_word' id='word_1_201' title='bbox 512 3595 606 3665; x_wconf 83' lang='lat' dir='ltr'>cursu</span> <span class='ocrx_word' id='word_1_202' title='bbox 623 3594 793 3679; x_wconf 81' lang='lat' dir='ltr'>orationis,</span> <span class='ocrx_word' id='word_1_203' title='bbox 819 3597 875 3666; x_wconf 91' lang='lat' dir='ltr'>vel</span> <span class='ocrx_word' id='word_1_204' title='bbox 892 3601 1051 3694; x_wconf 73' lang='lat' dir='ltr'>tanquam</span> <span class='ocrx_word' id='word_1_205' title='bbox 1068 3599 1211 3688; x_wconf 66' lang='lat' dir='ltr'>abunde</span> <span class='ocrx_word' id='word_1_206' title='bbox 1265 3679 1268 3686; x_wconf 72' lang='grc'>,</span> 
     </span>
     <span class='ocr_line' id='line_1_26' title="bbox 37 3692 1274 3791; baseline 0.006 -30"><span class='ocrx_word' id='word_1_207' title='bbox 37 3718 87 3761; x_wconf 62' lang='lat'><strong>·‹:=.</strong></span> <span class='ocrx_word' id='word_1_208' title='bbox 109 3692 210 3786; x_wconf 61' lang='lat' dir='ltr'>{nitas</span> <span class='ocrx_word' id='word_1_209' title='bbox 226 3694 432 3787; x_wconf 76' lang='lat' dir='ltr'>attigerunt,</span> <span class='ocrx_word' id='word_1_210' title='bbox 458 3693 575 3791; x_wconf 70' lang='lat' dir='ltr'>quavis</span> <span class='ocrx_word' id='word_1_211' title='bbox 599 3692 757 3765; x_wconf 71' lang='lat' dir='ltr'>detonsi</span> <span class='ocrx_word' id='word_1_212' title='bbox 781 3692 939 3791; x_wconf 71' lang='lat' dir='ltr'>denique,</span> <span class='ocrx_word' id='word_1_213' title='bbox 966 3722 1035 3768; x_wconf 93' lang='lat' dir='ltr'>non</span> <span class='ocrx_word' id='word_1_214' title='bbox 1060 3694 1134 3767; x_wconf 87' lang='lat' dir='ltr'>satis</span> <span class='ocrx_word' id='word_1_215' title='bbox 1158 3698 1202 3769; x_wconf 90' lang='lat' dir='ltr'>ad</span> <span class='ocrx_word' id='word_1_216' title='bbox 1266 3720 1274 3735; x_wconf 78' lang='lat'><strong><em>‘</em></strong></span> 
     </span>
     <span class='ocr_line' id='line_1_27' title="bbox 55 3792 1205 3891; baseline 0.007 -32"><span class='ocrx_word' id='word_1_217' title='bbox 55 3817 81 3859; x_wconf 74' lang='lat' dir='ltr'>r:-</span> <span class='ocrx_word' id='word_1_218' title='bbox 111 3811 193 3860; x_wconf 74' lang='lat' dir='ltr'>itum</span> <span class='ocrx_word' id='word_1_219' title='bbox 212 3794 377 3874; x_wconf 89' lang='lat' dir='ltr'>omniurn,</span> <span class='ocrx_word' id='word_1_220' title='bbox 396 3793 657 3887; x_wconf 84' lang='lat' dir='ltr'>explicaverunt.</span> <span class='ocrx_word' id='word_1_221' title='bbox 701 3792 852 3865; x_wconf 87' lang='lat' dir='ltr'>Multam</span> <span class='ocrx_word' id='word_1_222' title='bbox 870 3796 1042 3889; x_wconf 84' lang='lat' dir='ltr'>equidem,</span> <span class='ocrx_word' id='word_1_223' title='bbox 1055 3819 1205 3891; x_wconf 55' lang='lat' dir='ltr'>eamque¹</span> 
     </span>
     <span class='ocr_line' id='line_1_28' title="bbox 115 3884 1203 3985; baseline 0.011 -28"><span class='ocrx_word' id='word_1_224' title='bbox 115 3889 204 3958; x_wconf 71' lang='lat' dir='ltr'>nime</span> <span class='ocrx_word' id='word_1_225' title='bbox 229 3890 424 3961; x_wconf 86' lang='lat' dir='ltr'>laudibilem</span> <span class='ocrx_word' id='word_1_226' title='bbox 453 3915 593 3985; x_wconf 89' lang='lat' dir='ltr'>operam</span> <span class='ocrx_word' id='word_1_227' title='bbox 623 3893 656 3961; x_wconf 90' lang='lat' dir='ltr'>in</span> <span class='ocrx_word' id='word_1_228' title='bbox 683 3890 733 3961; x_wconf 87' lang='lat' dir='ltr'>his</span> <span class='ocrx_word' id='word_1_229' title='bbox 759 3884 925 3964; x_wconf 84' lang='lat' dir='ltr'>solvendis</span> <span class='ocrx_word' id='word_1_230' title='bbox 950 3894 1203 3970; x_wconf 76' lang='lat' dir='ltr'>difficultatibus</span> 
     </span>
     <span class='ocr_line' id='line_1_29' title="bbox 13 3987 1201 4077; baseline 0.013 -25"><span class='ocrx_word' id='word_1_231' title='bbox 13 4014 63 4077; x_wconf 74' lang='grc' dir='ltr'>Ι,ι</span> <span class='ocrx_word' id='word_1_232' title='bbox 94 3987 308 4059; x_wconf 85' lang='lat' dir='ltr'>:locaverunt</span> <span class='ocrx_word' id='word_1_233' title='bbox 335 3989 494 4061; x_wconf 63' lang='lat' dir='ltr'>hallensis</span> <span class='ocrx_word' id='word_1_234' title='bbox 519 3990 582 4062; x_wconf 87' lang='lat' dir='ltr'>viri</span> <span class='ocrx_word' id='word_1_235' title='bbox 608 3989 835 4060; x_wconf 87' lang='lat' dir='ltr'>eruditiffimi:</span> <span class='ocrx_word' id='word_1_236' title='bbox 862 3993 913 4061; x_wconf 90' lang='lat' dir='ltr'>At</span> <span class='ocrx_word' id='word_1_237' title='bbox 941 3991 998 4064; x_wconf 89' lang='lat' dir='ltr'>suo</span> <span class='ocrx_word' id='word_1_238' title='bbox 1021 3994 1112 4077; x_wconf 86' lang='lat' dir='ltr'>loco,</span> <span class='ocrx_word' id='word_1_239' title='bbox 1136 4015 1201 4067; x_wconf 87' lang='lat' dir='ltr'>nec</span> 
     </span>
     <span class='ocr_line' id='line_1_30' title="bbox 10 4080 1206 4190; baseline 0.006 -31"><span class='ocrx_word' id='word_1_240' title='bbox 10 4080 13 4089; x_wconf 74' lang='grc'><em>’</em></span> <span class='ocrx_word' id='word_1_241' title='bbox 51 4088 82 4159; x_wconf 79' lang='lat'>.·&#39;·</span> <span class='ocrx_word' id='word_1_242' title='bbox 116 4110 129 4157; x_wconf 78' lang='lat' dir='ltr'><strong>s</strong></span> <span class='ocrx_word' id='word_1_243' title='bbox 159 4089 340 4164; x_wconf 79' lang='lat' dir='ltr'>commode</span> <span class='ocrx_word' id='word_1_244' title='bbox 365 4087 433 4163; x_wconf 74' lang='lat' dir='ltr'>vili</span> <span class='ocrx_word' id='word_1_245' title='bbox 460 4087 535 4164; x_wconf 88' lang='lat' dir='ltr'>sunt</span> <span class='ocrx_word' id='word_1_246' title='bbox 562 4087 670 4185; x_wconf 80' lang='lat' dir='ltr'>poslta</span> <span class='ocrx_word' id='word_1_247' title='bbox 686 4112 764 4185; x_wconf 79' lang='lat' dir='ltr'>quae</span> <span class='ocrx_word' id='word_1_248' title='bbox 780 4088 828 4162; x_wconf 83' lang='lat' dir='ltr'>illi</span> <span class='ocrx_word' id='word_1_249' title='bbox 845 4092 1055 4190; x_wconf 83' lang='lat' dir='ltr'>caeteroquin</span> <span class='ocrx_word' id='word_1_250' title='bbox 1070 4089 1206 4190; x_wconf 69' lang='lat' dir='ltr'>optime·</span> 
     </span>
    </p>
   </div>
   <div class='ocr_carea' id='block_1_4' title="bbox 597 4241 667 4290">
    <p class='ocr_par' dir='ltr' id='par_1_4' title="bbox 597 4241 667 4290">
     <span class='ocr_line' id='line_1_31' title="bbox 597 4241 667 4290; baseline 0.043 -3"><span class='ocrx_word' id='word_1_251' title='bbox 597 4241 667 4290; x_wconf 70' lang='grc' dir='ltr'>Η</span> 
     </span>
    </p>
   </div>
   <div class='ocr_carea' id='block_1_5' title="bbox 0 0 1386 4914">
    <p class='ocr_par' dir='ltr' id='par_1_5' title="bbox 0 0 1386 4914">
     <span class='ocr_line' id='line_1_32' title="bbox 0 0 1386 4914; baseline 0 0"><span class='ocrx_word' id='word_1_252' title='bbox 0 0 1386 4914; x_wconf 95' lang='lat' dir='ltr'> </span> 
     </span>
    </p>
   </div>
  </div>
 </body>
</html>
