2754 4914
345 158 535 275 amlum
555 144 933 285 Juouururuuu?
1031 130 1037 165 ²
1100 188 1102 192 ’
1145 225 1208 285 „a

71 356 181 427 egens:
197 340 287 405 armis
301 339 426 419 virisque
439 332 625 418 opulentum.
663 334 762 421 Igitur
775 336 929 413 Metellus,
943 345 1144 420 protempore
1158 355 1208 404 at·
1275 413 1278 417 ,

68 450 127 509 que
141 428 208 490 looo
223 427 328 508 paratis
344 425 440 496 rebus,
462 423 569 487 cuncta
590 424 702 484 moenia
716 425 849 486 exercitu
864 423 1077 486 circumuenit:
1100 424 1213 508 legatia

68 512 203 593 imperat,
213 513 264 573 ubi
282 511 401 597 quisque
415 521 540 573 curaret.
560 505 745 591 Dein,s1gno
754 509 834 586 dam,
845 509 978 591 undique
993 507 1076 572 simul
1091 509 1205 576 clamor

67 597 172 682 ingens
182 601 276 660 oritur
287 618 295 658 2
307 615 402 680 neque
410 616 444 656 ea
456 612 501 656 res
514 591 663 655 Numidas
673 608 762 657 terret
773 615 781 654 :
794 593 898 666 insensa
908 595 1075 678 intentique
1084 593 1144 659 fine
1153 612 1211 659 tu·-

67 683 164 746 multu
191 696 328 745 manent:
351 677 488 761 proelium
515 678 666 758 incipitur.
710 677 840 743 Romani
855 701 908 765 pro
922 682 1042 762 ingenio
1067 682 1205 763 quisque,

68 789 136 848 pars
151 770 268 831 eminus
283 766 424 849 ²glaude,
445 778 497 826 aut
511 763 652 843 lapidibus
667 785 815 848 pugnare:
833 764 847 802 Β
862 766 983 829 evadere
996 766 1056 842 alii,
1073 768 1120 828 alii
1135 770 1206 830 suc-
1250 812 1260 820 ··

69 853 181 930 cedere,
192 874 226 914 ac
238 874 355 916 murum
366 851 455 914 modb
471 862 482 888 ⁶
498 848 654 927 suffodere,
667 850 849 913 modbscalis
860 852 991 934 aggredi,
1001 848 1109 934 chpere
1120 875 1206 933 proe-

68 936 140 999 lium
158 942 167 967 ¹
183 939 316 1003 manibus
331 938 435 999 facere.
459 933 576 997 Contra
589 957 624 999 ea
638 937 775 1016 oppidani
784 936 815 996 in
830 939 979 1019 proximos
994 937 1060 998 saxa
1074 939 1209 1016 volvere,

51 1023 159 1102 sudes,
179 1023 248 1105 pila,
261 1037 399 1105 praeterea
415 1023 479 1102 pice
493 1036 523 1083 et
537 1019 671 1102 sulphure
688 1021 794 1083 taedam
809 1025 823 1052 ²
837 1021 965 1098 mistam,
987 1023 1116 1086 ardentia
1131 1025 1206 1086 mit-

65 1121 135 1171 tere.
180 1106 238 1170 Sed
254 1131 290 1172 ne
306 1107 374 1185 illoc
390 1106 522 1188 quidem,
545 1107 596 1188 qui
612 1106 713 1185 procul
729 1106 902 1184 manserant,
923 1107 1014 1169 timor
1028 1109 1120 1170 animi
1130 1106 1205 1171 satis

66 1194 241 1258 muniverat.
265 1192 349 1256 Nam
364 1190 516 1275 plerosque
526 1190 659 1276 jacula,d
676 1193 829 1254 tormentis
843 1206 894 1256 aut
908 1214 997 1256 manu
1013 1191 1125 1270 emissa,
1136 1194 1206 1256 vul·

66 1278 208 1340 nerabant
220 1304 230 1354 ;
241 1280 363 1360 parique
372 1277 515 1359 periculo,
525 1275 571 1346 sed
582 1289 593 1314 ⁶
603 1277 682 1338 fama
694 1277 810 1359 impari,
821 1278 890 1339 boni
902 1292 990 1360 atque
1000 1279 1099 1360 ignavi
1107 1292 1211 1342 erant.

60 1357 151 1426 Dum
162 1364 236 1443 apud
248 1362 380 1429 Zamam
390 1360 431 1423 src
443 1376 579 1439 certatur,
592 1360 741 1445 Jugurtha
752 1383 789 1423 ex
803 1363 961 1443 improviso
974 1361 1066 1425 castra
1075 1362 1206 1428 hostium

67 1469 139 1511 cum
156 1451 371 1533 magnd;manu
389 1447 501 1510 invadit
512 1468 520 1508 :
533 1450 672 1525 remissa,
693 1448 789 1529 quiin
804 1447 934 1530 praefidio
948 1465 1044 1526 erant,
1058 1461 1088 1512 et
1103 1450 1208 1512 omnia

66 1530 176 1616 magis,
192 1533 282 1617 quam
296 1533 450 1615 proelium,
463 1531 696 1612 expectantibus,
711 1530 849 1617 fportam
864 1533 1009 1615 irrumpit.
1039 1533 1084 1596 At
1098 1535 1210 1612 nollri,

10 1616 15 1627 ’
63 1620 216 1700 repentino
232 1633 314 1681 motu
329 1617 460 1701 perculsi,
480 1608 533 1681 fibi
547 1618 668 1703 quisque
682 1621 881 1700 promoribus
896 1619 1072 1682 consulunt:
1088 1619 1136 1682 alii
1152 1622 1206 1683 su·

63 1725 145 1787 gere,
166 1705 216 1768 alii
230 1726 311 1768 arma
327 1724 448 1785 capere:
464 1725 573 1788 magna
588 1726 653 1784 pars
667 1705 821 1784 vulnerati,
837 1716 887 1789 aut
900 1704 998 1769 occist.
1020 1751 1023 1755 -
1044 1701 1208 1769 Caeterdm

63 1791 200 1853 exomni
223 1789 410 1853 multitudine
430 1792 492 1853 n'on
513 1790 639 1872 amplius
662 1790 852 1874 quadraginta
872 1811 1016 1854 memores
1036 1798 1050 1839 ⁸
1071 1792 1209 1855 nominis·

63 1873 206 1951 Romani,
230 1897 326 1960 grege
342 1873 427 1937 sudio-
446 1876 673 1955 locumeapere
695 1876 794 1956 paulo,
816 1874 907 1956 quam
930 1876 991 1953 alii,
1021 1875 1206 1944 editiorem:
1231 1924 1235 1932 ·

61 1980 158 2045 neque
183 1962 250 2022 inde
274 1961 406 2024 maxima
429 1960 458 2022 vi
484 1961 589 2044 depelli
617 1963 793 2043 quiverunt:
818 1961 864 2024 sed
890 1961 949 2024 tela
972 1959 1089 2025 eminus
1116 1961 1217 2025 milla-

63 2045 224 2121 re'mittere,
247 2047 333 2127 pauci
354 2045 365 2081 ¹⁰
382 2048 413 2109 in
427 2045 558 2129 pluribus
580 2046 678 2110 minus
694 2045 840 2109 frustrati:
864 2045 1205 2127 s1n³Numidaepropilm

64 2129 249 2206 accesfillent,
270 2131 312 2196 ibi
329 2131 400 2195 verb
418 2131 557 2193 virtutem
578 2131 739 2208 ostendere,
761 2146 791 2194 et
803 2153 854 2195 eos
876 2131 1014 2194 maxima:
1027 2133 1056 2194 vi
1076 2135 1209 2211 caedere,

43 2217 195 2292 ¹sundere,
218 2231 306 2298 atque
324 2217 435 2301 fugare.
479 2214 600 2278 Interim
623 2217 770 2295 Metellus,
807 2216 880 2280 cum
901 2217 1042 2280 acerrime
1060 2238 1125 2280 rem
1147 2239 1203 2302 ge·-

64 2317 152 2378 reret,
174 2301 334 2365 clamorem
349 2304 379 2364 et
399 2300 557 2364 tumultum
581 2301 710 2364 hostilem
728 2304 744 2365 a
759 2304 995 2387 tergo'accepit:
1019 2302 1100 2381 dein,
1123 2323 1204 2365 con-

50 2387 147 2466 uerso
165 2408 254 2468 equo,
277 2387 484 2467 animadvertit
501 2388 603 2469 sugam
619 2388 651 2448 ad
669 2389 696 2450 se
712 2390 828 2453 vorsum
850 2387 925 2464 fieri,
947 2410 1015 2470 quae
1030 2408 1076 2450 res
1091 2388 1210 2451 indicat
1291 2434 1295 2439 .

64 2472 210 2554 popularis
230 2470 293 2534 elle.
337 2471 432 2556 Igitur
453 2473 617 2554 equitatum
641 2496 760 2535 omnem
784 2475 818 2535 ad
841 2472 933 2535 castra
954 2473 1075 2555 propere
1097 2474 1208 2550 mittit,

58 2579 99 2636 ,uc
114 2555 209 2619 statim
226 2557 265 2618 C.
284 2555 418 2620 Marium
435 2580 505 2621 cum
520 2559 690 2620 cohortibus
707 2559 870 2630 sociorum3
891 2579 1019 2640 eumque
1032 2558 1209 2633 lacrimam,

67 2662 117 2722 per
141 2643 315 2716 amicitiam,
350 2664 458 2722 perque
484 2644 625 2722 rempubl.
642 2643 785 2716 obsecrat,
817 2664 966 2722 nequam
991 2642 1213 2706 coutumeliam

65 2747 215 2788 remanere
241 2727 272 2788 in
300 2729 431 2788 exercitu
460 2728 581 2803 viatore,
617 2749 690 2790 neue
719 2726 813 2789 hostes
853 2728 965 2790 inultos
1006 2727 1084 2790 abire
1120 2725 1210 2791 sinat.

471 2950 790 3033 Iurartrua‘rn'r'm.

105 3126 121 3157 r
149 3118 306 3214 Cupiebaar
333 3124 451 3192 cominzls
473 3143 618 3213 pugnare,
695 3132 709 3160 ²
746 3126 905 3191 Mittebant
940 3126 1077 3211 practerea*
1116 3128 1208 3193 tardas·

62 3229 197 3282 et'manus
212 3215 355 3300 conserere.
624 3252 633 3257 ·-
647 3216 710 3297 pice
724 3229 750 3280 et
756 3213 891 3300 stalphure
906 3215 1041 3279 abdanus.

564 3467 693 3519 NOTAE.
780 3484 788 3489 ·

91 3601 104 3626 ¹
123 3593 229 3657 Glande]
262 3591 382 3639 Plumbum
411 3601 456 3640 erat
477 3591 502 3638 in
525 3593 609 3651 glandia
681 3603 693 3630 e
714 3590 806 3656 Fand]
831 3591 950 3650 Videlicet,
976 3609 1020 3640 non
1041 3593 1056 3640 ii
1077 3593 1202 3648 laudantur,

14 3676 20 3681 ·
57 3660 149 3704 modum
161 3659 271 3716 effictum,
288 3661 344 3719 quod
357 3657 430 3704 fundis
438 3658 567 3719 jaciebatur.
649 3659 685 3716 qui
699 3658 722 3702 in
733 3659 834 3715 latibulis,
852 3660 884 3706 vel
896 3660 1014 3718 sugienres,
1026 3659 1140 3706 inhonesta
1151 3660 1201 3704 vul-

93 3720 107 3757 ¹>
124 3721 251 3785 Euadne]
269 3723 379 3778 Scilicet,
407 3725 442 3784 qul
462 3725 530 3770 labore
550 3723 609 3780 feffi,
649 3738 701 3766 nera
712 3724 830 3781 accipiunt.
944 3730 946 3735 '

59 3798 97 3833 aut
117 3789 142 3834 ab
162 3789 257 3833 hostibus
277 3789 383 3833 vulnerati
405 3791 462 3844 sunt,
490 3790 608 3849 secedunt3
681 3784 809 3852 froiam]
836 3789 969 3843 Castrorum,
987 3787 1078 3844 scilicet,
1094 3787 1207 3844 alteram,

60 3851 94 3896 alii
105 3854 215 3907 incorum
228 3854 301 3898 lucum
312 3855 441 3899 succedunt.
467 3884 470 3889 «
649 3866 701 3897 nam
714 3862 804 3910 quatuor
815 3863 884 3898 erant.
961 3894 963 3899 .

90 3914 243 3980 “Su-sfodra]
261 3917 295 3962 Ut
316 3933 367 3964 eum
388 3919 506 3979 dejicerent
516 3926 538 3964 et
549 3917 610 3964 diru-
681 3924 693 3961 ε
708 3916 824 3979 Neminie]
843 3920 866 3962 ld
880 3917 920 3974 est,
930 3917 1004 3963 Gloria
1014 3915 1094 3962 numinis
1103 3912 1207 3958 Ramani.

58 3991 125 4025 erent.
422 4016 425 4017 ν
681 3978 857 4044 hlnplurihus]
878 3983 901 4026 ld
914 3984 954 4037 est,
972 3980 1098 4043 Calmpauci
1114 3979 1202 4023 Romani

69 4048 71 4053 '
91 4042 108 4079 ὗ
125 4042 262 4109 Termetis]
296 4046 409 4099 Machina
434 4055 504 4103 erant,
530 4046 610 4109 quibus
648 4045 669 4090 in
683 4043 754 4107 pum
770 4040 930 4095 'Numidastela
943 4047 1044 4093 mitterent
1070 4039 1202 4104 angulirjae·

58 4105 139 4219 magt&
157 4110 179 4157 ai
198 4110 285 4173 lapides,
305 4121 327 4160 et
345 4112 368 4160 id
385 4127 463 4172 genus,
480 4115 504 4161 in
525 4113 610 4165 hostem
648 4109 703 4160 tibur
713 4108 804 4177 aliquem
815 4108 954 4174 attingebant.

57 4183 98 4220 wc
139 4180 164 4225 l·-
